3106 5246
674 451 732 516 141

8 687 9 720 3
124 629 411 713 optabilioremqne
430 627 529 692 vitam
545 631 578 690 te
593 627 799 705 transtulisti,
810 648 873 692 non
886 649 953 692 eam
973 630 1110 714 quidem,
1127 654 1188 717 qne
1202 633 1275 716 plu·

8 738 12 814 i
123 734 211 798 ribus
235 733 359 798 infensa
384 755 450 798 esse
464 733 599 811 videtur,
623 737 671 797 set
693 733 732 797 ad
755 733 963 817 tranquillam
982 736 1154 820 mitemque
1178 744 1211 802 01
1235 741 1275 802 ab

7 905 8 928 Ξ
124 838 288 904 hominum
304 838 405 922 vicijs,
428 859 491 903 non
508 839 548 903 ab
564 838 763 902 humanitate
778 842 930 904 semotam
945 839 965 906 ¹.
1014 839 1051 904 ln
1068 864 1130 924 qua
1152 844 1275 909 tadeus

7 951 8 1024 j
122 964 178 1007 sua
201 944 431 1028 benignissima
457 943 562 1027 gratia
587 963 737 1027 prospere
767 943 966 1027 feliciterque
989 950 1021 1009 et
1035 955 1277 1029 perseveranter

7 1039 8 1042 ¹
122 1069 309 1114 conservare
325 1048 357 1112 in
373 1049 422 1113 sui
438 1049 605 1114 servicium
621 1048 699 1114 velit
721 1069 920 1130 summopere
948 1055 1036 1133 opto,
1058 1056 1227 1134 preceptor
1243 1057 1276 1117 et

122 1151 230 1218 fautor
253 1153 481 1219 colendissime.

7 1247 8 1254 ¹
210 1257 358 1324 Ceterum
375 1260 404 1323 d.
421 1258 602 1324 Leonardus
619 1258 741 1338 Gessel,
762 1260 931 1325 canonicus
954 1265 986 1324 et
998 1261 1132 1325 decanus
1147 1261 1276 1327 ecclesie

126 1362 347 1446 augustensis,
369 1364 477 1448 paucis
495 1364 624 1428 refluxis
647 1364 758 1429 diebus
784 1387 822 1429 ex
847 1362 1014 1448 ydropisi²
1038 1369 1171 1430 mortem
1194 1367 1276 1450 obijt

121 1467 277 1550 optimam
300 1489 372 1536 oum
387 1469 557 1534 devocione
573 1467 761 1554 racioneque
778 1469 913 1553 integra,
937 1469 1072 1554 singulis
1095 1471 1187 1534 bonis
1210 1473 1274 1536 suis

7 1569 11 1621 i
122 1575 314 1636 testamento
336 1572 489 1638 laudabili
518 1595 577 1658 per
609 1574 712 1657 ipsum
741 1574 905 1639 ordinatis.
953 1574 1020 1638 Etsi
1049 1576 1158 1640 multia
1191 1597 1276 1641 mors

120 1676 189 1740 eius
213 1676 356 1759 molesta,
380 1678 459 1744 mibi
477 1684 592 1752 101101
609 1681 722 1744 ceteris
755 1680 918 1744 molestior
944 1681 1016 1758 fuit,
1039 1703 1110 1745 nam
1128 1703 1221 1766 quem
1240 1687 1276 1746 ut

8 1769 9 1848 Ῐ
121 1781 259 1847 alterum
277 1788 438 1866 parentem
455 1805 580 1868 semper
606 1785 690 1850 colui
719 1785 1024 1870 diligentissimeque
1048 1787 1221 1866 observavi,
1244 1792 1276 1851 et

121 1909 217 1972 quem
241 1889 274 1952 in
298 1888 378 1952 meis
392 1889 523 1971 agendis
540 1894 757 1972 preceptorem
792 1889 998 1954 favorabilem
1020 1912 1144 1974 semper
1167 1892 1274 1971 habui,

7 1978 11 2018 ‘¹
121 1993 153 2055 in
179 2015 243 2058 non
267 2015 398 2076 parvam
413 1994 569 2058 iacturam
593 1993 755 2059 sublatum
790 1995 933 2059 emedio
958 1995 1060 2078 ipsum
1087 1996 1165 2060 mihi
1191 2017 1274 2062 eom-

120 2097 220 2179 perio.
267 2096 415 2162 Miseram
431 2120 507 2162 sane
530 2099 600 2163 dico
617 2099 680 2163 vite
716 2101 826 2164 nostre
850 2100 1080 2180 condicionem,
1110 2122 1172 2185 que
1193 2123 1274 2165 nnn·

7 2219 8 2306 1
122 2224 219 2285 quarn
247 2207 392 2286 optatum
418 2206 566 2268 eventum
595 2205 804 2289 cogitationes
835 2209 959 2269 nostras
981 2205 1161 2288 conspicere
1187 2207 1274 2271 sinit.

7 2313 8 2394 1
121 2305 279 2372 Successit
303 2309 336 2372 in
353 2309 420 2373 eins
433 2308 537 2372 locum
555 2310 584 2373 d.
600 2307 727 2374 Ulricus
757 2309 795 2374 de
811 2309 989 2393 Rechperg,
1013 2310 1091 2374 iuris
1118 2312 1274 2396 pontificij

120 2413 241 2490 doctor,
263 2414 313 2478 vir
335 2414 503 2479 admodum
526 2414 648 2479 iuvenis
666 2420 697 2478 et
718 2416 914 2499 inexpertae,
938 2437 1032 2500 quem
1055 2415 1088 2478 in
1104 2416 1209 2480 virum
1225 2425 1275 2480 ta·

7 2527 8 2606 J
122 2539 195 2580 men
211 2519 328 2583 bonum
350 2539 516 2583 evasurum
532 2541 639 2584 omnes
658 2541 822 2603 speramus
830 2518 853 2583 ³.

208 2622 305 2688 Soror
323 2623 515 2689 marchionis
532 2624 669 2700 Alborti,
704 2645 764 2707 que
788 2623 865 2688 olim
889 2624 1103 2707 principatum
1128 2625 1161 2686 11
1185 2622 1275 2687 Frid·

120 2731 200 2814 berg
223 2729 338 2808 tenuit,
368 2729 501 2794 sabbato
537 2735 610 2813 post
635 2727 789 2793 Jacobum
828 2726 981 2813 [juliar]
1007 2729 1096 2812 quasi
1129 2729 1274 2792 subitos

117 2835 187 2899 rita
203 2835 336 2899 decessit
350 2835 382 2898 in
400 2833 621 2918 bandsbuta‘.
644 2834 779 2918 Insuper
795 2834 879 2898 haud
896 2833 1006 2898 dubito
1021 2839 1054 2897 te
1065 2831 1153 2919 [non]
1165 2832 1274 2912 latere,

119 2943 254 3022 gnatum
278 2942 369 3003 tuum
397 2938 635 3024 sigismundum
657 2939 719 3022 hijs
744 2939 856 3003 diebus
897 2922 1026 3003 nactum
1057 2960 1179 3002 summa
1201 2959 1273 3002 cum

118 3043 329 3123 iocunditate,
353 3046 386 3106 et
402 3045 485 3127 quod
502 3046 623 3110 cunctis
640 3045 828 3109 mortalibus
857 3045 1086 3128 peroptandum
1105 3049 1162 3123 est,
1174 3044 1273 3108 filiam

120 3148 234 3214 Jacobi
245 3147 428 3212 Hemerlein
440 3151 471 3213 in
485 3151 662 3233 coniugem,
680 3151 769 3214 bonis
779 3150 964 3232 parentibus
976 3171 1013 3214 ao
1025 3148 1186 3233 probitate
1198 3149 1273 3212 edu-

120 3261 225 3320 catam
250 3255 481 3338 magnifieaque
506 3257 578 3320 dote
600 3256 799 3320 subarratam
814 3255 836 3320 ⁵.
874 3253 1085 3330 Quamobrem
1108 3255 1169 3318 sibi
1196 3255 1273 3318 tibi·

6 3411 7 3414 .
119 3383 182 3446 que
207 3359 344 3423 maximo
367 3361 469 3424 cordis
497 3360 613 3444 gaudio
653 3381 788 3443 veraque
811 3358 918 3423 leticia
941 3358 1191 3440 congratulando
1217 3358 1274 3423 hec

6 3497 7 3536 1
118 3467 249 3532 fortune
272 3487 404 3530 munera
427 3464 587 3529 affluxisse
603 3466 642 3529 ad
663 3469 873 3548 augmentum
897 3465 1064 3539 honorum,
1087 3463 1273 3528 diviciarum

6 3583 8 3608 ⁵
120 3573 225 3656 glorie
248 3572 376 3654 viteque
399 3571 493 3654 longe
522 3591 590 3634 oum
610 3571 711 3634 salute
734 3572 868 3653 peropto
884 3573 916 3632 01
932 3568 1015 3653 quod
1031 3573 1165 3648 gnatum
1181 3573 1272 3632 tunm

6 3671 7 3680 ,
524 3672 526 3674 .
687 3673 706 3707 „

193 3749 204 3800 1
226 3745 403 3802 Gessembret
421 3743 502 3796 hatte
519 3743 558 3796 im
577 3742 720 3796 december
738 3741 1273 3810 14610011419011118011180110011

6 3821 7 3824 Ἴ
118 3835 298 3904 aufgegeben
320 3833 377 3886 and
396 3831 456 3884 sich
476 3829 974 3899 nachStrassburgzurichgeaogen.
1073 3827 1133 3883 2S.
1154 3826 1271 3882 11101101-

117 3921 200 3986 bach,
219 3919 341 3976 Glossar.
360 3938 380 3974 s.
402 3937 427 3973 v.
537 3919 552 3972 3
572 3915 718 3971 Erecheint
738 3913 1104 3986 1462130110111011111
1124 3912 1201 3966 dann
1229 3913 1271 3967 uls

117 4010 284 4081 procurator
314 4009 363 4062 der
382 4007 531 4062 deutschen
550 4005 646 4060 nation
666 4003 695 4057 in
707 4004 833 4073 Bologna
851 4020 871 4056 s.
882 4001 1062 4057 Friedlltnder
1080 4019 1106 4054 u.
1118 4001 1271 4070 Malagma,

118 4099 190 4152 Acta
208 4097 274 4161 206;
293 4097 350 4166 vgl.
370 4095 409 4152 St.
427 4093 657 4155 (1111111111352
675 4092 732 4146 und
752 4092 798 4145 Pl.
817 4091 921 4156 Braun,
940 4088 991 4144 Die
1013 4089 1179 4145 Domkirche
1196 4087 1230 4142 23
1243 4089 1270 4142 ff.

117 4185 253 4242 112351.
343 4184 358 4237 4
379 4182 443 4252 Vgl.
468 4183 507 4236 St.
532 4181 597 4234 Chr.
618 4181 704 4244 XXlI,
726 4182 783 4236 119.
822 4181 878 4234 Das
897 4177 1016 4247 richtige
1035 4177 1215 4234 todesdatum
1234 4176 1271 4229 ist

118 4274 167 4328 der
180 4274 257 4336 24
259 4271 392 4334 NJfluutle
413 4267 622 4336 Genealogied.
637 4266 698 4320 Wit
699 4266 856 4321 telsbacher
872 4265 937 4320 126.
1011 4262 1090 4318 asie
1104 4264 1183 4318 starb
1201 4265 1271 4318 noch

117 4361 157 4414 im
175 4358 271 4414 selben
286 4357 369 4428 jabre
399 4355 549 4418 kinderlos,
568 4372 588 4407 s.
608 4371 679 4423 cgm
699 4353 734 4408 98
759 4354 775 4410 f.
798 4351 852 4408 29.
896 4351 950 4406 Der
966 4350 1086 4421 jlingere
1111 4351 1270 4420 sigismund

118 4447 256 4502 eracheint
282 4445 336 4501 seit
364 4443 467 4500 1474
459 4461 489 4498 11
519 4441 698 4497 1110111101οη
726 4443 837 4496 1111011
865 4439 921 4494 and
950 4439 1036 4492 stirbt
1061 4440 1085 4492 2.
1105 4440 1174 4508 sept
1195 4439 1270 4495 1500.

118 4533 293 4589 Grsbstein
285 4551 315 4587 11
340 4533 389 4587 der
408 4530 630 4586 Moritzlrirche
622 4548 652 4584 m
674 4529 831 4600 Augsbnrg.
1057 4549 1059 4553 ,
