3106 5252
832 451 873 526 32

277 626 424 708 episcopo
438 621 656 710 Eystettensi¹
681 623 742 687 sibi
765 624 934 689 metuendo
959 645 1134 710 congruam
1156 624 1370 688 obedienciam
1388 626 1426 688 ad

276 729 402 812 singula
436 730 657 794 mandatorum
699 751 816 815 genera
856 728 962 794 sedule
1003 728 1206 795 antemissam
1247 751 1320 793 cum
1353 731 1427 814 plu-

275 834 356 898 rima
388 833 492 898 salute
522 839 595 918 post
624 857 724 899 meam
756 835 969 900 humillimam
1000 835 1309 918 sincerissimamque
1341 857 1427 900 com·

276 940 511 1005 mendacionem
528 989 535 1006 .
564 987 1427 1008 ...................................

364 1042 557 1130 'Magnifice
574 1045 700 1110 domine
717 1067 752 1110 ac
769 1051 860 1129 pater
876 1045 1080 1130 amplissime.
1106 1044 1315 1128 Temporibus
1339 1045 1428 1128 elap-

274 1150 316 1213 sis
339 1148 482 1214 Ytaliam
513 1149 596 1214 colui
620 1151 652 1212 in
683 1172 781 1234 eaque
816 1150 931 1234 studijs
953 1151 1120 1216 literarum
1145 1171 1274 1234 operam
1298 1150 1427 1228 tradidi,

274 1254 334 1318 hac
366 1260 470 1320 autem
502 1259 692 1338 tempestate
722 1255 840 1320 mullas
869 1260 1002 1340 propter
1025 1255 1165 1320 raciones
1186 1255 1342 1338 patriam,
1365 1277 1428 1339 que

276 1364 324 1424 est
347 1359 548 1437 dulcissima,
578 1359 737 1444 ingressus
767 1383 845 1428 sum.
895 1360 950 1425 Ait
976 1359 1146 1444 Virgilius:
1182 1357 1310 1423 »Dulcis
1338 1381 1428 1424 arnor

276 1465 381 1548 patrie
404 1464 596 1548 laudumque
616 1464 770 1530 immensa
785 1464 930 1548 cupido«
975 1464 1029 1530 Set
1053 1464 1115 1529 iam
1132 1469 1168 1528 ut
1192 1464 1310 1527 iterum
1324 1465 1426 1528 Auso-

277 1569 362 1632 niam
386 1571 504 1650 petam,
528 1573 654 1651 ternpus
677 1574 734 1648 est,
757 1569 791 1633 in
815 1593 879 1655 qua
901 1569 1005 1634 virum
1029 1570 1186 1654 quendam
1210 1569 1375 1651 egregium
1391 1591 1428 1634 ac

275 1693 390 1754 magne
415 1673 586 1756 probitatis
609 1673 709 1738 vitam
731 1695 826 1760 agere
843 1698 869 1739 v.
886 1697 916 1758 p.
944 1696 1006 1738 non
1029 1674 1175 1758 preterit,
1199 1673 1362 1738 dominum
1379 1675 1426 1738 vi-

278 1776 392 1842 delicet
404 1775 617 1842 Wilhelmum
633 1779 670 1843 de
686 1776 896 1865 Reichlenau]
913 1780 1091 1844 studentem
1108 1777 1309 1858 Patauinum,
1332 1801 1425 1862 quem

275 1887 406 1966 propter
419 1882 485 1946 eius
501 1883 698 1960 modestiam,
716 1884 960 1963 humanitatem,
984 1885 1123 1949 animum
1148 1889 1180 1948 et
1195 1906 1335 1948 amorem
1351 1905 1428 1968 erga

274 2009 324 2052 me
347 1986 543 2070 singularem
566 1987 700 2052 mirifico
724 2011 787 2052 non
811 1987 914 2053 solum
935 1987 1045 2073 diligo,
1070 1992 1118 2052 set
1141 2010 1211 2052 amo
1235 1995 1266 2052 et
1283 1990 1427 2068 observo,

275 2092 330 2176 qui
353 2092 628 2156 vehementissime
650 2093 780 2158 affectat
802 2093 1068 2178 diligentiamque
1089 2115 1244 2158 summam
1267 2099 1346 2177 aput
1368 2115 1424 2178 ge-

274 2198 411 2261 nitorem
436 2219 539 2260 meum
562 2197 729 2275 adhibuit,
767 2203 803 2262 ut
826 2220 885 2284 ego
908 2199 1036 2263 domurn
1060 2220 1148 2262 suam
1173 2197 1279 2262 Padus
1302 2199 1425 2282 ingredi

273 2300 370 2366 velim
401 2307 433 2366 et
463 2307 627 2387 tamquam
661 2302 780 2368 amicus
802 2303 1068 2368 familiarissimus
1097 2326 1168 2369 cum
1201 2304 1271 2387 ipso
1293 2305 1426 2389 aliisque

274 2407 453 2471 domesticis
475 2407 600 2487 vivere,
630 2430 724 2493 quam
748 2430 816 2473 rem
839 2408 982 2473 facturus
1005 2430 1087 2474 sum.
1135 2407 1205 2492 Ipse
1229 2409 1343 2472 etenim
1369 2414 1425 2487 est,

275 2511 329 2596 qui
352 2533 403 2576 me
426 2512 459 2576 in
482 2513 571 2578 exitu
602 2513 665 2577 iam
688 2535 797 2578 versus
829 2513 967 2597 patriam
1003 2513 1140 2598 benigno
1171 2513 1309 2596 respexit
1333 2513 1424 2578 oculo

273 2637 310 2686 ac
343 2616 459 2680 affectu
493 2639 614 2683 necnon
649 2618 757 2684 hillari
793 2624 824 2684 et
852 2619 986 2684 iocundo
1018 2619 1111 2684 vultu
1142 2618 1425 2702 perhumanissime

274 2722 432 2787 tractavit.
469 2720 619 2809 I[d]circo
635 2746 698 2788 non
714 2724 877 2807 denegavi,
901 2746 1009 2789 verum
1026 2745 1092 2788 rem
1109 2729 1234 2810 gratam
1257 2722 1320 2806 ipsi
1343 2745 1422 2788 sern-

273 2848 331 2908 per
354 2828 487 2890 studebo
511 2827 623 2892 facere.
670 2827 811 2913 Cognovi
844 2829 948 2912 ipsum
972 2829 1191 2894 doctissimum
1214 2850 1280 2892 esse
1302 2833 1335 2892 et
1358 2834 1424 2893 stu-

273 2930 334 3014 dijs
356 2932 487 3014 optimis
509 2932 659 2998 deditum.
713 2934 887 2999 Maximum
917 2941 1022 2998 autem
1058 2933 1137 2998 mihi
1167 2933 1330 2998 vinculum
1354 2954 1424 2998 cum

274 3037 303 3099 ei
326 3041 376 3099 est
397 3037 487 3120 quasi
509 3038 676 3102 sanctioris
700 3039 861 3103 cuiusdam
886 3038 1134 3114 necessitudinis,
1161 3038 1236 3122 quia
1251 3043 1299 3104 est
1314 3062 1343 3103 v.
1368 3061 1423 3122 pa·

274 3141 420 3206 ternitati
444 3143 698 3223 amantissimus,
730 3167 863 3229 eumque
895 3167 993 3208 unum
1017 3149 1124 3227 preter
1147 3149 1269 3209 ceteros
1292 3144 1425 3208 observo

273 3253 305 3308 et
329 3245 438 3330 diligo.
484 3247 573 3322 Quod
607 3270 676 3314 cum
702 3250 748 3314 ita
771 3251 834 3330 slt,
865 3249 1036 3333 magnifice
1059 3249 1203 3326 domine,
1228 3249 1342 3313 vellem
1366 3271 1425 3332 ego

273 3349 472 3416 humillimus
495 3355 630 3418 servitor
655 3377 682 3417 v.
708 3379 748 3418 m.
783 3354 1090 3420 commendacionem
1114 3359 1192 3438 aput
1216 3355 1348 3419 eundem
1373 3375 1424 3418 ac·

273 3455 392 3535 cedere,
418 3462 455 3522 ut
477 3481 526 3524 me
549 3459 601 3524 uti
624 3461 757 3525 fratrem
786 3461 932 3526 adamare
950 3461 1028 3525 velit
1050 3482 1169 3545 suaque
1190 3458 1323 3524 consilia
1347 3458 1425 3522 mihi

273 3561 424 3644 imperito
447 3565 582 3630 multum
605 3589 712 3630 rerum
735 3573 879 3650 prestare
893 3615 1071 3634 .........

364 3667 407 3732 Ex
432 3667 578 3752 Augusta
600 3668 641 3736 lI.
668 3671 741 3754 maij
765 3693 849 3736 anno
874 3670 989 3737 LVIII.

362 3770 528 3838 Udalricus
552 3775 745 3841 Gossenbrot
768 3799 797 3841 v.
820 3778 851 3841 d.
875 3776 1075 3841 humillimus
1098 3776 1241 3840 servitor.

839 3929 856 3966 ss

343 4014 356 4066 1
378 4012 446 4084 Vgl.
466 4012 606 4085 [Suttner]
628 4013 737 4068 Tabula
756 4013 952 4070 Leonrodiana
968 4015 1079 4072 17-19.
1151 4017 1168 4071 2
1186 4016 1282 4070 Zuerst
1302 4016 1420 4070 schwiil-

272 4101 344 4171 stige
363 4101 626 4171 lobeserhabungen.
707 4173 711 4178 Ι
