<?xml version="1.0" encoding="UTF-8"?>
<!DOCTYPE html PUBLIC "-//W3C//DTD XHTML 1.0 Transitional//EN"
    "http://www.w3.org/TR/xhtml1/DTD/xhtml1-transitional.dtd">
<html xmlns="http://www.w3.org/1999/xhtml" xml:lang="en" lang="en">
 <head>
  <title>
</title>
<meta http-equiv="Content-Type" content="text/html;charset=utf-8" />
  <meta name='ocr-system' content='tesseract 3.04.00' />
  <meta name='ocr-capabilities' content='ocr_page ocr_carea ocr_par ocr_line ocrx_word'/>
</head>
<body>
  <div class='ocr_page' id='page_1' title='image "./hermannschedels00joacgoog_0206.png"; bbox 0 0 3106 5246; ppageno 0'>
   <div class='ocr_carea' id='block_1_1' title="bbox 804 437 867 504">
    <p class='ocr_par' dir='ltr' id='par_1_1' title="bbox 804 437 867 504">
     <span class='ocr_line' id='line_1_1' title="bbox 804 437 867 504; baseline 0 0"><span class='ocrx_word' id='word_1_1' title='bbox 804 437 867 504; x_wconf 81' lang='lat'><strong>190</strong></span> 
     </span>
    </p>
   </div>
   <div class='ocr_carea' id='block_1_2' title="bbox 255 610 1423 1536">
    <p class='ocr_par' dir='ltr' id='par_1_2' title="bbox 255 610 1415 911">
     <span class='ocr_line' id='line_1_2' title="bbox 257 610 1413 702; baseline -0.01 -18"><span class='ocrx_word' id='word_1_2' title='bbox 257 618 430 702; x_wconf 77' lang='lat' dir='ltr'><strong>patentiori</strong></span> <span class='ocrx_word' id='word_1_3' title='bbox 456 617 564 701; x_wconf 86' lang='lat' dir='ltr'><strong>precio</strong></span> <span class='ocrx_word' id='word_1_4' title='bbox 587 612 667 701; x_wconf 80' lang='lat' dir='ltr'><strong>ut[il</strong></span> <span class='ocrx_word' id='word_1_5' title='bbox 686 615 847 698; x_wconf 87' lang='lat' dir='ltr'><strong>poteritis,</strong></span> <span class='ocrx_word' id='word_1_6' title='bbox 870 619 902 678; x_wconf 90' lang='lat' dir='ltr'><strong>et</strong></span> <span class='ocrx_word' id='word_1_7' title='bbox 926 618 962 678; x_wconf 88' lang='lat' dir='ltr'><strong>ut</strong></span> <span class='ocrx_word' id='word_1_8' title='bbox 985 610 1065 682; x_wconf 84' lang='lat' dir='ltr'><strong>salvi</strong></span> <span class='ocrx_word' id='word_1_9' title='bbox 1088 613 1127 676; x_wconf 86' lang='lat' dir='ltr'><strong>ad</strong></span> <span class='ocrx_word' id='word_1_10' title='bbox 1152 634 1203 676; x_wconf 90' lang='lat' dir='ltr'><strong>me</strong></span> <span class='ocrx_word' id='word_1_11' title='bbox 1226 611 1413 687; x_wconf 85' lang='lat' dir='ltr'><strong>mittantur,</strong></span> 
     </span>
     <span class='ocr_line' id='line_1_3' title="bbox 256 715 1415 808; baseline -0.009 -20"><span class='ocrx_word' id='word_1_12' title='bbox 256 729 336 808; x_wconf 89' lang='lat' dir='ltr'><strong>aput</strong></span> <span class='ocrx_word' id='word_1_13' title='bbox 369 727 584 800; x_wconf 73' lang='lat' dir='ltr'>mercatorem,</span> <span class='ocrx_word' id='word_1_14' title='bbox 617 725 653 784; x_wconf 90' lang='lat' dir='ltr'><strong>ut</strong></span> <span class='ocrx_word' id='word_1_15' title='bbox 686 741 724 784; x_wconf 86' lang='lat' dir='ltr'><strong>ex</strong></span> <span class='ocrx_word' id='word_1_16' title='bbox 754 719 881 802; x_wconf 86' lang='lat' dir='ltr'><strong>scriptis</strong></span> <span class='ocrx_word' id='word_1_17' title='bbox 905 717 1084 782; x_wconf 87' lang='lat' dir='ltr'><strong>Hieronimi</strong></span> <span class='ocrx_word' id='word_1_18' title='bbox 1114 716 1220 782; x_wconf 88' lang='lat' dir='ltr'><strong>Praun</strong></span> <span class='ocrx_word' id='word_1_19' title='bbox 1244 715 1415 800; x_wconf 77' lang='lat' dir='ltr'>percipiet,</span> 
     </span>
     <span class='ocr_line' id='line_1_4' title="bbox 255 820 1325 911; baseline -0.008 -17"><span class='ocrx_word' id='word_1_20' title='bbox 255 851 381 894; x_wconf 89' lang='lat' dir='ltr'><strong>omnem</strong></span> <span class='ocrx_word' id='word_1_21' title='bbox 409 849 538 911; x_wconf 89' lang='lat' dir='ltr'><strong>operam</strong></span> <span class='ocrx_word' id='word_1_22' title='bbox 563 825 722 901; x_wconf 85' lang='lat' dir='ltr'><strong>adhibeat,</strong></span> <span class='ocrx_word' id='word_1_23' title='bbox 747 825 868 888; x_wconf 84' lang='lat' dir='ltr'><strong>instare</strong></span> <span class='ocrx_word' id='word_1_24' title='bbox 891 823 1009 901; x_wconf 85' lang='lat' dir='ltr'><strong>velitis,</strong></span> <span class='ocrx_word' id='word_1_25' title='bbox 1032 820 1213 886; x_wconf 89' lang='lat' dir='ltr'><strong>humillime</strong></span> <span class='ocrx_word' id='word_1_26' title='bbox 1237 841 1325 904; x_wconf 85' lang='lat' dir='ltr'><strong>rogo.</strong></span> 
     </span>
    </p>

    <p class='ocr_par' dir='ltr' id='par_1_3' title="bbox 256 927 1423 1228">
     <span class='ocr_line' id='line_1_5' title="bbox 343 927 1423 1017; baseline -0.006 -21"><span class='ocrx_word' id='word_1_27' title='bbox 343 931 544 1017; x_wconf 80' lang='lat' dir='ltr'><strong>Singillatim</strong></span> <span class='ocrx_word' id='word_1_28' title='bbox 569 932 679 996; x_wconf 89' lang='lat' dir='ltr'><strong>ordine</strong></span> <span class='ocrx_word' id='word_1_29' title='bbox 704 937 736 996; x_wconf 90' lang='lat' dir='ltr'><strong>et</strong></span> <span class='ocrx_word' id='word_1_30' title='bbox 759 931 862 1009; x_wconf 90' lang='lat' dir='ltr'><strong>modo,</strong></span> <span class='ocrx_word' id='word_1_31' title='bbox 888 952 950 1015; x_wconf 91' lang='lat' dir='ltr'><strong>quo</strong></span> <span class='ocrx_word' id='word_1_32' title='bbox 973 929 1093 1014; x_wconf 79' lang='lat' dir='ltr'><strong>singuli</strong></span> <span class='ocrx_word' id='word_1_33' title='bbox 1117 928 1194 993; x_wconf 90' lang='lat' dir='ltr'><strong>libri</strong></span> <span class='ocrx_word' id='word_1_34' title='bbox 1216 927 1423 1003; x_wconf 87' lang='lat' dir='ltr'><strong>sorciuntur,</strong></span> 
     </span>
     <span class='ocr_line' id='line_1_6' title="bbox 256 1033 1417 1119; baseline -0.006 -18"><span class='ocrx_word' id='word_1_35' title='bbox 256 1037 361 1102; x_wconf 91' lang='lat' dir='ltr'><strong>forum</strong></span> <span class='ocrx_word' id='word_1_36' title='bbox 394 1058 466 1101; x_wconf 90' lang='lat' dir='ltr'><strong>cum</strong></span> <span class='ocrx_word' id='word_1_37' title='bbox 496 1037 642 1119; x_wconf 86' lang='lat' dir='ltr'><strong>proximo</strong></span> <span class='ocrx_word' id='word_1_38' title='bbox 675 1042 844 1102; x_wconf 83' lang='lat' dir='ltr'><strong>occurente</strong></span> <span class='ocrx_word' id='word_1_39' title='bbox 876 1037 1014 1100; x_wconf 86' lang='lat' dir='ltr'><strong>seribere</strong></span> <span class='ocrx_word' id='word_1_40' title='bbox 1043 1040 1075 1098; x_wconf 88' lang='lat' dir='ltr'><strong>et</strong></span> <span class='ocrx_word' id='word_1_41' title='bbox 1109 1035 1238 1098; x_wconf 85' lang='lat' dir='ltr'><strong>mittere</strong></span> <span class='ocrx_word' id='word_1_42' title='bbox 1266 1033 1295 1098; x_wconf 93' lang='lat' dir='ltr'><strong>d.</strong></span> <span class='ocrx_word' id='word_1_43' title='bbox 1315 1055 1348 1118; x_wconf 6' lang='lat' dir='ltr'><strong>tv.</strong></span> <span class='ocrx_word' id='word_1_44' title='bbox 1374 1053 1417 1094; x_wconf 89' lang='lat' dir='ltr'><strong>ne</strong></span> 
     </span>
     <span class='ocr_line' id='line_1_7' title="bbox 257 1141 1243 1228; baseline -0.004 -22"><span class='ocrx_word' id='word_1_45' title='bbox 257 1145 377 1228; x_wconf 84' lang='lat' dir='ltr'><strong>pigeat,</strong></span> <span class='ocrx_word' id='word_1_46' title='bbox 404 1145 573 1225; x_wconf 77' lang='lat' dir='ltr'>preceptor</span> <span class='ocrx_word' id='word_1_47' title='bbox 597 1142 835 1219; x_wconf 80' lang='lat' dir='ltr'><strong>humanissime,</strong></span> <span class='ocrx_word' id='word_1_48' title='bbox 860 1141 1040 1205; x_wconf 86' lang='lat' dir='ltr'><strong>humillime</strong></span> <span class='ocrx_word' id='word_1_49' title='bbox 1062 1159 1141 1223; x_wconf 89' lang='lat' dir='ltr'><strong>rogo</strong></span> <span class='ocrx_word' id='word_1_50' title='bbox 1159 1189 1165 1202; x_wconf 93' lang='lat'>.</span> <span class='ocrx_word' id='word_1_51' title='bbox 1185 1188 1192 1204; x_wconf 90' lang='lat'><strong>.</strong></span> <span class='ocrx_word' id='word_1_52' title='bbox 1210 1188 1243 1202; x_wconf 94' lang='lat'><strong>..</strong></span> 
     </span>
    </p>

    <p class='ocr_par' dir='ltr' id='par_1_4' title="bbox 256 1244 1418 1536">
     <span class='ocr_line' id='line_1_8' title="bbox 345 1244 1418 1330; baseline -0.006 -19"><span class='ocrx_word' id='word_1_53' title='bbox 345 1246 383 1311; x_wconf 89' lang='lat' dir='ltr'><strong>ln</strong></span> <span class='ocrx_word' id='word_1_54' title='bbox 406 1246 470 1330; x_wconf 87' lang='lat' dir='ltr'><strong>hijs</strong></span> <span class='ocrx_word' id='word_1_55' title='bbox 494 1245 573 1308; x_wconf 90' lang='lat' dir='ltr'><strong>meis</strong></span> <span class='ocrx_word' id='word_1_56' title='bbox 597 1248 707 1330; x_wconf 88' lang='lat' dir='ltr'><strong>petitis</strong></span> <span class='ocrx_word' id='word_1_57' title='bbox 730 1249 850 1311; x_wconf 89' lang='lat' dir='ltr'><strong>nedum</strong></span> <span class='ocrx_word' id='word_1_58' title='bbox 866 1246 947 1310; x_wconf 91' lang='lat' dir='ltr'><strong>mihi</strong></span> <span class='ocrx_word' id='word_1_59' title='bbox 972 1245 1136 1310; x_wconf 89' lang='lat' dir='ltr'><strong>comodum</strong></span> <span class='ocrx_word' id='word_1_60' title='bbox 1153 1244 1224 1321; x_wconf 89' lang='lat' dir='ltr'><strong>erit,</strong></span> <span class='ocrx_word' id='word_1_61' title='bbox 1248 1264 1358 1307; x_wconf 86' lang='lat' dir='ltr'><strong>verum</strong></span> <span class='ocrx_word' id='word_1_62' title='bbox 1382 1247 1418 1305; x_wconf 87' lang='lat' dir='ltr'><strong>et</strong></span> 
     </span>
     <span class='ocr_line' id='line_1_9' title="bbox 259 1347 1418 1436; baseline -0.006 -19"><span class='ocrx_word' id='word_1_63' title='bbox 259 1354 363 1436; x_wconf 87' lang='lat' dir='ltr'><strong>patrie</strong></span> <span class='ocrx_word' id='word_1_64' title='bbox 388 1351 540 1416; x_wconf 88' lang='lat' dir='ltr'><strong>honorem</strong></span> <span class='ocrx_word' id='word_1_65' title='bbox 565 1351 597 1413; x_wconf 93' lang='lat' dir='ltr'><strong>in</strong></span> <span class='ocrx_word' id='word_1_66' title='bbox 622 1349 684 1432; x_wconf 86' lang='lat' dir='ltr'><strong>hijs</strong></span> <span class='ocrx_word' id='word_1_67' title='bbox 707 1350 860 1415; x_wconf 81' lang='lat' dir='ltr'><strong>habendis</strong></span> <span class='ocrx_word' id='word_1_68' title='bbox 883 1348 984 1429; x_wconf 88' lang='lat' dir='ltr'><strong>libris,</strong></span> <span class='ocrx_word' id='word_1_69' title='bbox 1016 1348 1072 1432; x_wconf 91' lang='lat' dir='ltr'><strong>qui</strong></span> <span class='ocrx_word' id='word_1_70' title='bbox 1095 1347 1217 1430; x_wconf 92' lang='lat' dir='ltr'><strong>perrari</strong></span> <span class='ocrx_word' id='word_1_71' title='bbox 1250 1347 1418 1411; x_wconf 84' lang='lat' dir='ltr'><strong>nobiscnm</strong></span> 
     </span>
     <span class='ocr_line' id='line_1_10' title="bbox 256 1455 591 1536; baseline -0.012 -14"><span class='ocrx_word' id='word_1_72' title='bbox 256 1462 341 1536; x_wconf 89' lang='lat' dir='ltr'><strong>sunt,</strong></span> <span class='ocrx_word' id='word_1_73' title='bbox 366 1455 556 1520; x_wconf 77' lang='lat' dir='ltr'><strong>exhibebitis</strong></span> <span class='ocrx_word' id='word_1_74' title='bbox 570 1455 591 1519; x_wconf 90' lang='lat'><strong>¹.</strong></span> 
     </span>
    </p>
   </div>
   <div class='ocr_carea' id='block_1_3' title="bbox 259 1820 1415 2323">
    <p class='ocr_par' dir='ltr' id='par_1_5' title="bbox 259 1820 1415 2323">
     <span class='ocr_line' id='line_1_11' title="bbox 804 1820 866 1892; baseline 0 0"><span class='ocrx_word' id='word_1_75' title='bbox 804 1820 866 1892; x_wconf 88' lang='grc'><strong>88.</strong></span> 
     </span>
     <span class='ocr_line' id='line_1_12' title="bbox 259 1974 1415 2072; baseline 0 -24"><span class='ocrx_word' id='word_1_76' title='bbox 259 1977 453 2051; x_wconf 84' lang='lat' dir='ltr'><strong>Hermann</strong></span> <span class='ocrx_word' id='word_1_77' title='bbox 474 1976 628 2052; x_wconf 79' lang='lat' dir='ltr'><strong>Schedel</strong></span> <span class='ocrx_word' id='word_1_78' title='bbox 658 2001 706 2049; x_wconf 89' lang='lat' dir='ltr'><strong>an</strong></span> <span class='ocrx_word' id='word_1_79' title='bbox 726 1977 833 2049; x_wconf 88' lang='lat' dir='ltr'><strong>einen</strong></span> <span class='ocrx_word' id='word_1_80' title='bbox 850 1974 1077 2070; x_wconf 82' lang='lat' dir='ltr'><strong>Nbrdlinger</strong></span> <span class='ocrx_word' id='word_1_81' title='bbox 1100 1979 1244 2051; x_wconf 87' lang='lat' dir='ltr'><strong>freund.</strong></span> <span class='ocrx_word' id='word_1_82' title='bbox 1276 1975 1415 2072; x_wconf 70' lang='lat' dir='ltr'><strong>[Nunn-</strong></span> 
     </span>
     <span class='ocr_line' id='line_1_13' title="bbox 678 2095 994 2194; baseline 0.013 -24"><span class='ocrx_word' id='word_1_83' title='bbox 678 2099 769 2194; x_wconf 86' lang='lat' dir='ltr'><strong>berg</strong></span> <span class='ocrx_word' id='word_1_84' title='bbox 801 2095 994 2193; x_wconf 68' lang='grc'><strong>14701711</strong></span> 
     </span>
     <span class='ocr_line' id='line_1_14' title="bbox 616 2251 1052 2323; baseline -0.007 -11"><span class='ocrx_word' id='word_1_85' title='bbox 616 2255 679 2312; x_wconf 85' lang='lat' dir='ltr'><strong>clm.</strong></span> <span class='ocrx_word' id='word_1_86' title='bbox 697 2256 748 2310; x_wconf 89' lang='lat'><strong>441</strong></span> <span class='ocrx_word' id='word_1_87' title='bbox 768 2257 786 2308; x_wconf 81' lang='lat' dir='ltr'><strong>f.</strong></span> <span class='ocrx_word' id='word_1_88' title='bbox 806 2251 880 2313; x_wconf 63' lang='lat'><strong>226⁵.</strong></span> <span class='ocrx_word' id='word_1_89' title='bbox 917 2251 1052 2323; x_wconf 83' lang='lat' dir='ltr'><strong>Ocneept.</strong></span> 
     </span>
    </p>
   </div>
   <div class='ocr_carea' id='block_1_4' title="bbox 260 2376 1418 2566">
    <p class='ocr_par' dir='ltr' id='par_1_6' title="bbox 260 2376 1418 2566">
     <span class='ocr_line' id='line_1_15' title="bbox 260 2376 1418 2461; baseline -0.002 -17"><span class='ocrx_word' id='word_1_90' title='bbox 260 2379 515 2445; x_wconf 86' lang='lat' dir='ltr'><strong>Hartmann</strong></span> <span class='ocrx_word' id='word_1_91' title='bbox 546 2377 756 2444; x_wconf 87' lang='lat' dir='ltr'><strong>Schedels</strong></span> <span class='ocrx_word' id='word_1_92' title='bbox 788 2376 1052 2461; x_wconf 83' lang='lat' dir='ltr'><strong>anstellung</strong></span> <span class='ocrx_word' id='word_1_93' title='bbox 1085 2379 1148 2443; x_wconf 87' lang='lat' dir='ltr'><strong>als</strong></span> <span class='ocrx_word' id='word_1_94' title='bbox 1183 2379 1418 2444; x_wconf 83' lang='lat' dir='ltr'><strong>stadtarnt</strong></span> 
     </span>
     <span class='ocr_line' id='line_1_16' title="bbox 654 2479 1017 2566; baseline -0.011 -18"><span class='ocrx_word' id='word_1_95' title='bbox 654 2485 698 2548; x_wconf 92' lang='lat' dir='ltr'><strong>in</strong></span> <span class='ocrx_word' id='word_1_96' title='bbox 722 2479 1017 2566; x_wconf 73' lang='lat' dir='ltr'><strong>Nsrdlingen2.</strong></span> 
     </span>
    </p>
   </div>
   <div class='ocr_carea' id='block_1_5' title="bbox 260 2619 1419 3336">
    <p class='ocr_par' dir='ltr' id='par_1_7' title="bbox 260 2619 1419 3336">
     <span class='ocr_line' id='line_1_17' title="bbox 349 2619 1414 2708; baseline -0.003 -19"><span class='ocrx_word' id='word_1_97' title='bbox 349 2622 427 2689; x_wconf 85' lang='lat' dir='ltr'><strong>Oum</strong></span> <span class='ocrx_word' id='word_1_98' title='bbox 451 2623 668 2708; x_wconf 89' lang='lat' dir='ltr'><strong>superioribus</strong></span> <span class='ocrx_word' id='word_1_99' title='bbox 691 2623 801 2687; x_wconf 89' lang='lat' dir='ltr'><strong>diebus</strong></span> <span class='ocrx_word' id='word_1_100' title='bbox 823 2626 973 2705; x_wconf 89' lang='lat' dir='ltr'><strong>patruum</strong></span> <span class='ocrx_word' id='word_1_101' title='bbox 1000 2641 1104 2684; x_wconf 89' lang='lat' dir='ltr'><strong>meum</strong></span> <span class='ocrx_word' id='word_1_102' title='bbox 1128 2619 1206 2685; x_wconf 91' lang='lat' dir='ltr'><strong>mihi</strong></span> <span class='ocrx_word' id='word_1_103' title='bbox 1225 2626 1294 2686; x_wconf 87' lang='lat' dir='ltr'><strong>tota</strong></span> <span class='ocrx_word' id='word_1_104' title='bbox 1310 2623 1414 2687; x_wconf 86' lang='lat' dir='ltr'><strong>cordis</strong></span> 
     </span>
     <span class='ocr_line' id='line_1_18' title="bbox 261 2723 1413 2807; baseline -0.003 -13"><span class='ocrx_word' id='word_1_105' title='bbox 261 2731 430 2795; x_wconf 82' lang='lat' dir='ltr'><strong>alleccione</strong></span> <span class='ocrx_word' id='word_1_106' title='bbox 461 2728 611 2794; x_wconf 89' lang='lat' dir='ltr'><strong>dilectum</strong></span> <span class='ocrx_word' id='word_1_107' title='bbox 646 2750 714 2793; x_wconf 89' lang='lat' dir='ltr'><strong>meo</strong></span> <span class='ocrx_word' id='word_1_108' title='bbox 747 2727 834 2791; x_wconf 85' lang='lat' dir='ltr'><strong>iussu</strong></span> <span class='ocrx_word' id='word_1_109' title='bbox 857 2723 1070 2807; x_wconf 87' lang='lat' dir='ltr'><strong>Nordlingam</strong></span> <span class='ocrx_word' id='word_1_110' title='bbox 1102 2747 1211 2790; x_wconf 82' lang='lat' dir='ltr'><strong>versus</strong></span> <span class='ocrx_word' id='word_1_111' title='bbox 1247 2729 1413 2805; x_wconf 84' lang='lat' dir='ltr'><strong>misissem,</strong></span> 
     </span>
     <span class='ocr_line' id='line_1_19' title="bbox 262 2829 1414 2920; baseline -0.003 -21"><span class='ocrx_word' id='word_1_112' title='bbox 262 2835 459 2920; x_wconf 82' lang='lat' dir='ltr'><strong>prospiciens</strong></span> <span class='ocrx_word' id='word_1_113' title='bbox 486 2834 603 2899; x_wconf 89' lang='lat' dir='ltr'><strong>ibidem</strong></span> <span class='ocrx_word' id='word_1_114' title='bbox 627 2835 742 2898; x_wconf 91' lang='lat' dir='ltr'><strong>nedum</strong></span> <span class='ocrx_word' id='word_1_115' title='bbox 757 2832 874 2913; x_wconf 89' lang='lat' dir='ltr'><strong>locum,</strong></span> <span class='ocrx_word' id='word_1_116' title='bbox 898 2835 946 2896; x_wconf 90' lang='lat' dir='ltr'><strong>set</strong></span> <span class='ocrx_word' id='word_1_117' title='bbox 961 2834 993 2895; x_wconf 89' lang='lat' dir='ltr'><strong>et</strong></span> <span class='ocrx_word' id='word_1_118' title='bbox 1008 2829 1034 2894; x_wconf 91' lang='lat' dir='ltr'><strong>si</strong></span> <span class='ocrx_word' id='word_1_119' title='bbox 1050 2836 1170 2896; x_wconf 85' lang='lat' dir='ltr'><strong>statum</strong></span> <span class='ocrx_word' id='word_1_120' title='bbox 1194 2854 1253 2916; x_wconf 91' lang='lat' dir='ltr'><strong>per</strong></span> <span class='ocrx_word' id='word_1_121' title='bbox 1274 2838 1414 2898; x_wconf 89' lang='lat' dir='ltr'><strong>mortem</strong></span> 
     </span>
     <span class='ocr_line' id='line_1_20' title="bbox 261 2934 1413 3026; baseline 0 -22"><span class='ocrx_word' id='word_1_122' title='bbox 261 2941 384 3026; x_wconf 80' lang='lat' dir='ltr'><strong>egregii</strong></span> <span class='ocrx_word' id='word_1_123' title='bbox 407 2939 468 3004; x_wconf 85' lang='lat' dir='ltr'><strong>viri</strong></span> <span class='ocrx_word' id='word_1_124' title='bbox 492 2940 639 3022; x_wconf 87' lang='lat' dir='ltr'><strong>magistri</strong></span> <span class='ocrx_word' id='word_1_125' title='bbox 662 2934 817 3024; x_wconf 89' lang='lat' dir='ltr'><strong>Nic[olai]</strong></span> <span class='ocrx_word' id='word_1_126' title='bbox 842 2937 994 3002; x_wconf 87' lang='lat' dir='ltr'><strong>medicine</strong></span> <span class='ocrx_word' id='word_1_127' title='bbox 1010 2937 1147 3002; x_wconf 85' lang='lat' dir='ltr'><strong>doctoris</strong></span> <span class='ocrx_word' id='word_1_128' title='bbox 1171 2960 1230 3022; x_wconf 90' lang='lat' dir='ltr'><strong>pro</strong></span> <span class='ocrx_word' id='word_1_129' title='bbox 1257 2963 1344 3005; x_wconf 91' lang='lat' dir='ltr'><strong>nunc</strong></span> <span class='ocrx_word' id='word_1_130' title='bbox 1359 2963 1413 3004; x_wconf 90' lang='lat' dir='ltr'><strong>va·</strong></span> 
     </span>
     <span class='ocr_line' id='line_1_21' title="bbox 261 3043 1417 3111; baseline -0.002 -1"><span class='ocrx_word' id='word_1_131' title='bbox 261 3051 385 3111; x_wconf 87' lang='lat' dir='ltr'><strong>cantem</strong></span> <span class='ocrx_word' id='word_1_132' title='bbox 408 3046 521 3109; x_wconf 87' lang='lat' dir='ltr'><strong>vestris</strong></span> <span class='ocrx_word' id='word_1_133' title='bbox 546 3066 582 3109; x_wconf 84' lang='lat' dir='ltr'><strong>ac</strong></span> <span class='ocrx_word' id='word_1_134' title='bbox 598 3044 733 3109; x_wconf 88' lang='lat' dir='ltr'><strong>aliorum</strong></span> <span class='ocrx_word' id='word_1_135' title='bbox 749 3043 912 3107; x_wconf 87' lang='lat' dir='ltr'><strong>fautorum</strong></span> <span class='ocrx_word' id='word_1_136' title='bbox 936 3063 1076 3107; x_wconf 89' lang='lat' dir='ltr'><strong>meorum</strong></span> <span class='ocrx_word' id='word_1_137' title='bbox 1094 3047 1126 3106; x_wconf 90' lang='lat' dir='ltr'><strong>et</strong></span> <span class='ocrx_word' id='word_1_138' title='bbox 1148 3064 1278 3107; x_wconf 87' lang='lat' dir='ltr'><strong>snorum</strong></span> <span class='ocrx_word' id='word_1_139' title='bbox 1302 3043 1417 3108; x_wconf 87' lang='lat' dir='ltr'><strong>suffra·</strong></span> 
     </span>
     <span class='ocr_line' id='line_1_22' title="bbox 260 3130 1417 3233; baseline 0 -21"><span class='ocrx_word' id='word_1_140' title='bbox 260 3149 322 3233; x_wconf 89' lang='lat' dir='ltr'><strong>gijs</strong></span> <span class='ocrx_word' id='word_1_141' title='bbox 345 3149 469 3233; x_wconf 87' lang='lat' dir='ltr'><strong>assequi</strong></span> <span class='ocrx_word' id='word_1_142' title='bbox 493 3153 616 3231; x_wconf 87' lang='lat' dir='ltr'><strong>posset,</strong></span> <span class='ocrx_word' id='word_1_143' title='bbox 648 3148 876 3230; x_wconf 86' lang='lat' dir='ltr'><strong>intemptatum</strong></span> <span class='ocrx_word' id='word_1_144' title='bbox 905 3146 946 3210; x_wconf 89' lang='lat' dir='ltr'><strong>iri</strong></span> <span class='ocrx_word' id='word_1_145' title='bbox 969 3141 1066 3213; x_wconf 79' lang='lat' dir='ltr'><strong>nolui:</strong></span> <span class='ocrx_word' id='word_1_146' title='bbox 1114 3145 1174 3221; x_wconf 84' lang='lat' dir='ltr'><strong>Qui</strong></span> <span class='ocrx_word' id='word_1_147' title='bbox 1197 3169 1268 3212; x_wconf 87' lang='lat' dir='ltr'><strong>cum</strong></span> <span class='ocrx_word' id='word_1_148' title='bbox 1291 3130 1417 3212; x_wconf 86' lang='lat' dir='ltr'><strong>omnem</strong></span> 
     </span>
     <span class='ocr_line' id='line_1_23' title="bbox 262 3250 1419 3336; baseline -0.001 -19"><span class='ocrx_word' id='word_1_149' title='bbox 262 3275 392 3336; x_wconf 86' lang='lat' dir='ltr'><strong>operam</strong></span> <span class='ocrx_word' id='word_1_150' title='bbox 416 3253 512 3317; x_wconf 85' lang='lat' dir='ltr'><strong>vestri</strong></span> <span class='ocrx_word' id='word_1_151' title='bbox 537 3258 568 3317; x_wconf 89' lang='lat' dir='ltr'><strong>et</strong></span> <span class='ocrx_word' id='word_1_152' title='bbox 592 3253 728 3316; x_wconf 90' lang='lat' dir='ltr'><strong>aliorum</strong></span> <span class='ocrx_word' id='word_1_153' title='bbox 751 3251 829 3315; x_wconf 90' lang='lat' dir='ltr'><strong>mihi</strong></span> <span class='ocrx_word' id='word_1_154' title='bbox 855 3256 887 3314; x_wconf 89' lang='lat' dir='ltr'><strong>et</strong></span> <span class='ocrx_word' id='word_1_155' title='bbox 912 3251 973 3315; x_wconf 80' lang='lat' dir='ltr'><strong>sihi</strong></span> <span class='ocrx_word' id='word_1_156' title='bbox 991 3250 1166 3316; x_wconf 88' lang='lat' dir='ltr'><strong>faventium</strong></span> <span class='ocrx_word' id='word_1_157' title='bbox 1184 3274 1260 3336; x_wconf 87' lang='lat' dir='ltr'><strong>erga</strong></span> <span class='ocrx_word' id='word_1_158' title='bbox 1275 3255 1419 3336; x_wconf 85' lang='lat' dir='ltr'><strong>potiores</strong></span> 
     </span>
    </p>
   </div>
   <div class='ocr_carea' id='block_1_6' title="bbox 262 3355 1413 3442">
    <p class='ocr_par' dir='ltr' id='par_1_8' title="bbox 262 3355 1413 3442">
     <span class='ocr_line' id='line_1_24' title="bbox 262 3355 1413 3442; baseline -0.002 -18"><span class='ocrx_word' id='word_1_159' title='bbox 262 3360 299 3424; x_wconf 86' lang='lat' dir='ltr'><strong>de</strong></span> <span class='ocrx_word' id='word_1_160' title='bbox 323 3357 490 3422; x_wconf 87' lang='lat' dir='ltr'><strong>consulatu</strong></span> <span class='ocrx_word' id='word_1_161' title='bbox 521 3355 690 3442; x_wconf 79' lang='lat' dir='ltr'><strong>agressus⁸</strong></span> <span class='ocrx_word' id='word_1_162' title='bbox 723 3361 754 3420; x_wconf 94' lang='lat' dir='ltr'><strong>et</strong></span> <span class='ocrx_word' id='word_1_163' title='bbox 777 3356 892 3420; x_wconf 86' lang='lat' dir='ltr'><strong>obnixe</strong></span> <span class='ocrx_word' id='word_1_164' title='bbox 914 3355 1181 3439; x_wconf 84' lang='lat' dir='ltr'><strong>suplieacionibus</strong></span> <span class='ocrx_word' id='word_1_165' title='bbox 1212 3357 1356 3422; x_wconf 87' lang='lat' dir='ltr'><strong>fimbrias</strong></span> <span class='ocrx_word' id='word_1_166' title='bbox 1369 3357 1413 3440; x_wconf 75' lang='lat' dir='ltr'><strong>(l)</strong></span> 
     </span>
    </p>
   </div>
   <div class='ocr_carea' id='block_1_7' title="bbox 262 3461 1412 3609">
    <p class='ocr_par' dir='ltr' id='par_1_9' title="bbox 262 3461 1412 3609">
     <span class='ocr_line' id='line_1_25' title="bbox 262 3461 1412 3546; baseline -0.001 -19"><span class='ocrx_word' id='word_1_167' title='bbox 262 3486 333 3527; x_wconf 89' lang='lat' dir='ltr'><strong>suas</strong></span> <span class='ocrx_word' id='word_1_168' title='bbox 356 3484 464 3527; x_wconf 84' lang='lat' dir='ltr'><strong>ornnes</strong></span> <span class='ocrx_word' id='word_1_169' title='bbox 481 3463 682 3539; x_wconf 82' lang='lat' dir='ltr'><strong>extendisset,</strong></span> <span class='ocrx_word' id='word_1_170' title='bbox 706 3468 854 3546; x_wconf 88' lang='lat' dir='ltr'><strong>optatum</strong></span> <span class='ocrx_word' id='word_1_171' title='bbox 870 3461 999 3526; x_wconf 89' lang='lat' dir='ltr'><strong>minime</strong></span> <span class='ocrx_word' id='word_1_172' title='bbox 1015 3468 1211 3543; x_wconf 88' lang='lat' dir='ltr'><strong>consecutus,</strong></span> <span class='ocrx_word' id='word_1_173' title='bbox 1227 3467 1274 3527; x_wconf 88' lang='lat' dir='ltr'><strong>set</strong></span> <span class='ocrx_word' id='word_1_174' title='bbox 1291 3463 1325 3526; x_wconf 92' lang='lat' dir='ltr'><strong>in</strong></span> <span class='ocrx_word' id='word_1_175' title='bbox 1343 3485 1412 3526; x_wconf 86' lang='lat' dir='ltr'><strong>sus-</strong></span> 
     </span>
     <span class='ocr_line' id='line_1_26' title="bbox 836 3571 853 3609; baseline 0 0"><span class='ocrx_word' id='word_1_176' title='bbox 836 3571 853 3609; x_wconf 78' lang='grc'>*</span> 
     </span>
    </p>
   </div>
   <div class='ocr_carea' id='block_1_8' title="bbox 260 3650 1419 4593">
    <p class='ocr_par' dir='ltr' id='par_1_10' title="bbox 260 3650 1419 4593">
     <span class='ocr_line' id='line_1_27' title="bbox 336 3650 1417 3723; baseline 0.002 -17"><span class='ocrx_word' id='word_1_177' title='bbox 336 3656 347 3706; x_wconf 91' lang='grc'><strong>1</strong></span> <span class='ocrx_word' id='word_1_178' title='bbox 368 3651 418 3707; x_wconf 89' lang='lat' dir='ltr'><strong>Die</strong></span> <span class='ocrx_word' id='word_1_179' title='bbox 447 3651 618 3723; x_wconf 83' lang='lat' dir='ltr'><strong>reihenfolge</strong></span> <span class='ocrx_word' id='word_1_180' title='bbox 644 3652 692 3708; x_wconf 87' lang='lat' dir='ltr'><strong>der</strong></span> <span class='ocrx_word' id='word_1_181' title='bbox 719 3653 901 3708; x_wconf 70' lang='lat' dir='ltr'><strong>schlusssatae</strong></span> <span class='ocrx_word' id='word_1_182' title='bbox 924 3650 963 3706; x_wconf 85' lang='lat' dir='ltr'><strong>iet</strong></span> <span class='ocrx_word' id='word_1_183' title='bbox 986 3669 1083 3721; x_wconf 87' lang='lat' dir='ltr'><strong>wegen</strong></span> <span class='ocrx_word' id='word_1_184' title='bbox 1110 3653 1220 3708; x_wconf 82' lang='lat' dir='ltr'><strong>starker</strong></span> <span class='ocrx_word' id='word_1_185' title='bbox 1237 3657 1417 3710; x_wconf 84' lang='lat' dir='ltr'><strong>correcturen</strong></span> 
     </span>
     <span class='ocr_line' id='line_1_28' title="bbox 262 3739 1417 3812; baseline 0.003 -19"><span class='ocrx_word' id='word_1_186' title='bbox 262 3739 398 3795; x_wconf 85' lang='lat' dir='ltr'><strong>unsichsr.</strong></span> <span class='ocrx_word' id='word_1_187' title='bbox 487 3741 694 3796; x_wconf 76' lang='lat' dir='ltr'><strong>2Hartmanns</strong></span> <span class='ocrx_word' id='word_1_188' title='bbox 713 3739 916 3795; x_wconf 83' lang='lat' dir='ltr'><strong>haushelcnder</strong></span> <span class='ocrx_word' id='word_1_189' title='bbox 944 3741 1018 3812; x_wconf 90' lang='lat' dir='ltr'><strong>[clm.</strong></span> <span class='ocrx_word' id='word_1_190' title='bbox 1037 3741 1099 3811; x_wconf 83' lang='lat'><strong>533]</strong></span> <span class='ocrx_word' id='word_1_191' title='bbox 1128 3741 1203 3811; x_wconf 85' lang='lat' dir='ltr'><strong>zeigt</strong></span> <span class='ocrx_word' id='word_1_192' title='bbox 1228 3742 1278 3795; x_wconf 91' lang='lat' dir='ltr'><strong>ihn</strong></span> <span class='ocrx_word' id='word_1_193' title='bbox 1311 3741 1417 3796; x_wconf 90' lang='lat' dir='ltr'><strong>bereits</strong></span> 
     </span>
     <span class='ocr_line' id='line_1_29' title="bbox 263 3825 1416 3898; baseline 0.001 -16"><span class='ocrx_word' id='word_1_194' title='bbox 263 3843 328 3884; x_wconf 83' lang='lat' dir='ltr'><strong>rom</strong></span> <span class='ocrx_word' id='word_1_195' title='bbox 346 3827 504 3897; x_wconf 80' lang='lat' dir='ltr'><strong>september</strong></span> <span class='ocrx_word' id='word_1_196' title='bbox 523 3827 592 3882; x_wconf 82' lang='grc'><strong>1470</strong></span> <span class='ocrx_word' id='word_1_197' title='bbox 611 3827 647 3881; x_wconf 83' lang='lat' dir='ltr'><strong>ab</strong></span> <span class='ocrx_word' id='word_1_198' title='bbox 665 3827 696 3880; x_wconf 91' lang='lat' dir='ltr'><strong>in</strong></span> <span class='ocrx_word' id='word_1_199' title='bbox 714 3825 889 3895; x_wconf 80' lang='lat' dir='ltr'><strong>Nbrdliugen</strong></span> <span class='ocrx_word' id='word_1_200' title='bbox 909 3826 980 3898; x_wconf 84' lang='lat' dir='ltr'><strong>[vgl.</strong></span> <span class='ocrx_word' id='word_1_201' title='bbox 1003 3843 1044 3883; x_wconf 84' lang='lat' dir='ltr'><strong>nr.</strong></span> <span class='ocrx_word' id='word_1_202' title='bbox 1063 3827 1115 3894; x_wconf 81' lang='grc'><strong>85].</strong></span> <span class='ocrx_word' id='word_1_203' title='bbox 1159 3828 1213 3882; x_wconf 82' lang='lat' dir='ltr'><strong>Am</strong></span> <span class='ocrx_word' id='word_1_204' title='bbox 1240 3825 1349 3882; x_wconf 87' lang='lat' dir='ltr'><strong>schluss</strong></span> <span class='ocrx_word' id='word_1_205' title='bbox 1368 3829 1416 3883; x_wconf 90' lang='lat' dir='ltr'><strong>des</strong></span> 
     </span>
     <span class='ocr_line' id='line_1_30' title="bbox 260 3913 1416 3986; baseline -0.001 -16"><span class='ocrx_word' id='word_1_206' title='bbox 260 3916 356 3985; x_wconf 83' lang='lat' dir='ltr'><strong>jahree</strong></span> <span class='ocrx_word' id='word_1_207' title='bbox 377 3917 456 3984; x_wconf 78' lang='lat' dir='ltr'><strong>trtgt</strong></span> <span class='ocrx_word' id='word_1_208' title='bbox 474 3931 504 3970; x_wconf 89' lang='lat' dir='ltr'><strong>er</strong></span> <span class='ocrx_word' id='word_1_209' title='bbox 521 3915 581 3969; x_wconf 88' lang='lat' dir='ltr'><strong>ein:</strong></span> <span class='ocrx_word' id='word_1_210' title='bbox 602 3915 703 3986; x_wconf 83' lang='lat' dir='ltr'><strong>»Spero</strong></span> <span class='ocrx_word' id='word_1_211' title='bbox 721 3919 849 3984; x_wconf 84' lang='lat' dir='ltr'><strong>tempora</strong></span> <span class='ocrx_word' id='word_1_212' title='bbox 868 3913 1001 3970; x_wconf 81' lang='lat' dir='ltr'><strong>meliora«</strong></span> <span class='ocrx_word' id='word_1_213' title='bbox 1020 3915 1079 3968; x_wconf 90' lang='lat' dir='ltr'><strong>und</strong></span> <span class='ocrx_word' id='word_1_214' title='bbox 1101 3914 1179 3970; x_wconf 86' lang='lat' dir='ltr'><strong>daun</strong></span> <span class='ocrx_word' id='word_1_215' title='bbox 1197 3931 1261 3969; x_wconf 79' lang='lat' dir='ltr'><strong>eum</strong></span> <span class='ocrx_word' id='word_1_216' title='bbox 1281 3917 1323 3970; x_wconf 87' lang='lat'><strong>18.</strong></span> <span class='ocrx_word' id='word_1_217' title='bbox 1344 3916 1416 3986; x_wconf 89' lang='lat' dir='ltr'><strong>april</strong></span> 
     </span>
     <span class='ocr_line' id='line_1_31' title="bbox 265 4000 1419 4070; baseline 0.002 -16"><span class='ocrx_word' id='word_1_218' title='bbox 265 4003 346 4057; x_wconf 75' lang='lat'>1471:</span> <span class='ocrx_word' id='word_1_219' title='bbox 373 4002 445 4057; x_wconf 82' lang='lat' dir='ltr'><strong>»lsto</strong></span> <span class='ocrx_word' id='word_1_220' title='bbox 458 4000 505 4056; x_wconf 87' lang='lat' dir='ltr'><strong>die</strong></span> <span class='ocrx_word' id='word_1_221' title='bbox 516 4000 625 4055; x_wconf 81' lang='lat' dir='ltr'><strong>intravi</strong></span> <span class='ocrx_word' id='word_1_222' title='bbox 637 4001 750 4056; x_wconf 89' lang='lat' dir='ltr'><strong>domum</strong></span> <span class='ocrx_word' id='word_1_223' title='bbox 763 4017 863 4064; x_wconf 85' lang='lat' dir='ltr'><strong>meam,</strong></span> <span class='ocrx_word' id='word_1_224' title='bbox 882 4000 980 4070; x_wconf 89' lang='lat' dir='ltr'><strong>inqua</strong></span> <span class='ocrx_word' id='word_1_225' title='bbox 993 4015 1068 4054; x_wconf 83' lang='lat' dir='ltr'><strong>nune</strong></span> <span class='ocrx_word' id='word_1_226' title='bbox 1079 4000 1187 4066; x_wconf 83' lang='lat' dir='ltr'><strong>habito,</strong></span> <span class='ocrx_word' id='word_1_227' title='bbox 1200 4000 1307 4057; x_wconf 83' lang='lat' dir='ltr'><strong>scihcst</strong></span> <span class='ocrx_word' id='word_1_228' title='bbox 1317 4001 1419 4057; x_wconf 86' lang='lat' dir='ltr'><strong>Schur·</strong></span> 
     </span>
     <span class='ocr_line' id='line_1_32' title="bbox 262 4087 1418 4159; baseline 0.001 -17"><span class='ocrx_word' id='word_1_229' title='bbox 262 4088 388 4158; x_wconf 78' lang='lat' dir='ltr'><strong>ungala«</strong></span> <span class='ocrx_word' id='word_1_230' title='bbox 429 4088 482 4143; x_wconf 90' lang='lat' dir='ltr'><strong>Vor</strong></span> <span class='ocrx_word' id='word_1_231' title='bbox 510 4087 613 4142; x_wconf 87' lang='lat' dir='ltr'><strong>diesem</strong></span> <span class='ocrx_word' id='word_1_232' title='bbox 640 4088 740 4143; x_wconf 84' lang='lat' dir='ltr'><strong>datum</strong></span> <span class='ocrx_word' id='word_1_233' title='bbox 764 4087 833 4142; x_wconf 80' lang='lat' dir='ltr'><strong>wird</strong></span> <span class='ocrx_word' id='word_1_234' title='bbox 852 4087 913 4144; x_wconf 81' lang='lat' dir='ltr'><strong>also</strong></span> <span class='ocrx_word' id='word_1_235' title='bbox 937 4088 1010 4144; x_wconf 88' lang='lat' dir='ltr'><strong>wohl</strong></span> <span class='ocrx_word' id='word_1_236' title='bbox 1034 4105 1117 4142; x_wconf 87' lang='lat' dir='ltr'><strong>unser</strong></span> <span class='ocrx_word' id='word_1_237' title='bbox 1136 4089 1210 4144; x_wconf 83' lang='lat' dir='ltr'><strong>brief</strong></span> <span class='ocrx_word' id='word_1_238' title='bbox 1225 4089 1330 4159; x_wconf 83' lang='lat' dir='ltr'><strong>liegen.</strong></span> <span class='ocrx_word' id='word_1_239' title='bbox 1368 4089 1418 4144; x_wconf 87' lang='lat' dir='ltr'><strong>Die</strong></span> 
     </span>
     <span class='ocr_line' id='line_1_33' title="bbox 264 4173 1417 4248; baseline 0.003 -20"><span class='ocrx_word' id='word_1_240' title='bbox 264 4173 408 4230; x_wconf 84' lang='lat' dir='ltr'><strong>definitive</strong></span> <span class='ocrx_word' id='word_1_241' title='bbox 426 4175 592 4244; x_wconf 84' lang='lat' dir='ltr'><strong>anstellung</strong></span> <span class='ocrx_word' id='word_1_242' title='bbox 610 4175 652 4230; x_wconf 87' lang='lat' dir='ltr'><strong>als</strong></span> <span class='ocrx_word' id='word_1_243' title='bbox 670 4175 812 4230; x_wconf 82' lang='lat' dir='ltr'><strong>stadtarat</strong></span> <span class='ocrx_word' id='word_1_244' title='bbox 830 4177 950 4244; x_wconf 81' lang='lat' dir='ltr'><strong>erfolgts</strong></span> <span class='ocrx_word' id='word_1_245' title='bbox 969 4179 1025 4230; x_wconf 88' lang='lat' dir='ltr'><strong>erst</strong></span> <span class='ocrx_word' id='word_1_246' title='bbox 1047 4177 1130 4242; x_wconf 80' lang='grc'><strong>1472,</strong></span> <span class='ocrx_word' id='word_1_247' title='bbox 1155 4177 1206 4231; x_wconf 83' lang='lat' dir='ltr'><strong>wie</strong></span> <span class='ocrx_word' id='word_1_248' title='bbox 1224 4175 1270 4231; x_wconf 87' lang='lat' dir='ltr'><strong>die</strong></span> <span class='ocrx_word' id='word_1_249' title='bbox 1289 4178 1417 4248; x_wconf 73' lang='lat' dir='ltr'><strong>eintrtge</strong></span> 
     </span>
     <span class='ocr_line' id='line_1_34' title="bbox 263 4261 1419 4331; baseline 0.003 -16"><span class='ocrx_word' id='word_1_250' title='bbox 263 4262 303 4316; x_wconf 89' lang='lat' dir='ltr'><strong>im</strong></span> <span class='ocrx_word' id='word_1_251' title='bbox 322 4262 528 4316; x_wconf 83' lang='lat' dir='ltr'><strong>hauslraleuder</strong></span> <span class='ocrx_word' id='word_1_252' title='bbox 540 4261 652 4331; x_wconf 85' lang='lat' dir='ltr'><strong>zeigen:</strong></span> <span class='ocrx_word' id='word_1_253' title='bbox 673 4277 736 4317; x_wconf 85' lang='lat' dir='ltr'><strong>nov.</strong></span> <span class='ocrx_word' id='word_1_254' title='bbox 748 4263 783 4318; x_wconf 81' lang='lat'><strong>20</strong></span> <span class='ocrx_word' id='word_1_255' title='bbox 803 4263 877 4318; x_wconf 81' lang='lat' dir='ltr'><strong>»Isto</strong></span> <span class='ocrx_word' id='word_1_256' title='bbox 888 4262 932 4318; x_wconf 88' lang='lat' dir='ltr'><strong>dis</strong></span> <span class='ocrx_word' id='word_1_257' title='bbox 944 4263 996 4318; x_wconf 86' lang='lat' dir='ltr'><strong>ieci</strong></span> <span class='ocrx_word' id='word_1_258' title='bbox 1015 4263 1227 4319; x_wconf 84' lang='lat' dir='ltr'><strong>convencionem</strong></span> <span class='ocrx_word' id='word_1_259' title='bbox 1240 4280 1305 4318; x_wconf 84' lang='lat' dir='ltr'><strong>cum</strong></span> <span class='ocrx_word' id='word_1_260' title='bbox 1323 4281 1419 4320; x_wconf 85' lang='lat' dir='ltr'><strong>consu·</strong></span> 
     </span>
     <span class='ocr_line' id='line_1_35' title="bbox 263 4349 1418 4420; baseline 0.002 -17"><span class='ocrx_word' id='word_1_261' title='bbox 263 4350 326 4405; x_wconf 84' lang='lat' dir='ltr'><strong>latu</strong></span> <span class='ocrx_word' id='word_1_262' title='bbox 344 4349 549 4419; x_wconf 73' lang='lat' dir='ltr'><strong>Norlingensie.</strong></span> <span class='ocrx_word' id='word_1_263' title='bbox 570 4365 632 4406; x_wconf 84' lang='lat' dir='ltr'><strong>nov.</strong></span> <span class='ocrx_word' id='word_1_264' title='bbox 645 4349 687 4405; x_wconf 79' lang='lat'><strong>26.</strong></span> <span class='ocrx_word' id='word_1_265' title='bbox 717 4350 862 4405; x_wconf 83' lang='lat' dir='ltr'><strong>»Vidimus</strong></span> <span class='ocrx_word' id='word_1_266' title='bbox 881 4349 1044 4406; x_wconf 86' lang='lat' dir='ltr'><strong>materialia</strong></span> <span class='ocrx_word' id='word_1_267' title='bbox 1061 4352 1091 4404; x_wconf 87' lang='lat' dir='ltr'><strong>in</strong></span> <span class='ocrx_word' id='word_1_268' title='bbox 1110 4354 1227 4420; x_wconf 84' lang='lat' dir='ltr'><strong>apoteca</strong></span> <span class='ocrx_word' id='word_1_269' title='bbox 1248 4351 1418 4406; x_wconf 90' lang='lat' dir='ltr'><strong>Wilhelmus</strong></span> 
     </span>
     <span class='ocr_line' id='line_1_36' title="bbox 266 4437 1418 4506; baseline 0.003 -16"><span class='ocrx_word' id='word_1_270' title='bbox 266 4438 388 4502; x_wconf 77' lang='lat' dir='ltr'><strong>Procnen,</strong></span> <span class='ocrx_word' id='word_1_271' title='bbox 408 4437 540 4492; x_wconf 84' lang='lat' dir='ltr'><strong>ldelchior</strong></span> <span class='ocrx_word' id='word_1_272' title='bbox 560 4437 662 4492; x_wconf 80' lang='lat' dir='ltr'><strong>Mulier</strong></span> <span class='ocrx_word' id='word_1_273' title='bbox 680 4439 708 4492; x_wconf 90' lang='lat' dir='ltr'><strong>et</strong></span> <span class='ocrx_word' id='word_1_274' title='bbox 726 4451 803 4506; x_wconf 83' lang='lat' dir='ltr'><strong>ego«.</strong></span> <span class='ocrx_word' id='word_1_275' title='bbox 858 4439 958 4494; x_wconf 76' lang='lat' dir='ltr'><strong>bMau</strong></span> <span class='ocrx_word' id='word_1_276' title='bbox 972 4441 1105 4493; x_wconf 78' lang='lat' dir='ltr'><strong>erwartet</strong></span> <span class='ocrx_word' id='word_1_277' title='bbox 1124 4439 1308 4495; x_wconf 83' lang='lat' dir='ltr'><strong>adhibuisset.</strong></span> <span class='ocrx_word' id='word_1_278' title='bbox 1348 4439 1418 4494; x_wconf 84' lang='lat' dir='ltr'><strong>Onn-</strong></span> 
     </span>
     <span class='ocr_line' id='line_1_37' title="bbox 265 4523 976 4593; baseline 0.004 -17"><span class='ocrx_word' id='word_1_279' title='bbox 265 4523 610 4592; x_wconf 86' lang='lat' dir='ltr'><strong>structionsvermengung</strong></span> <span class='ocrx_word' id='word_1_280' title='bbox 630 4523 681 4576; x_wconf 90' lang='lat' dir='ltr'><strong>mit</strong></span> <span class='ocrx_word' id='word_1_281' title='bbox 700 4523 822 4592; x_wconf 87' lang='lat' dir='ltr'><strong>potiores</strong></span> <span class='ocrx_word' id='word_1_282' title='bbox 840 4541 976 4593; x_wconf 83' lang='lat' dir='ltr'><strong>agressus.</strong></span> 
     </span>
    </p>
   </div>
   <div class='ocr_carea' id='block_1_9' title="bbox 0 0 1564 5246">
    <p class='ocr_par' dir='ltr' id='par_1_11' title="bbox 0 0 1564 5246">
     <span class='ocr_line' id='line_1_38' title="bbox 0 0 1564 5246; baseline 0 0"><span class='ocrx_word' id='word_1_283' title='bbox 0 0 1564 5246; x_wconf 95' lang='lat' dir='ltr'><strong> </strong></span> 
     </span>
    </p>
   </div>
  </div>
 </body>
</html>
