3106 5246
689 435 751 503 14?

145 621 218 675 tuus
234 611 318 676 enim
335 611 488 676 adventus
504 611 559 676 diu
582 634 601 676 a
623 635 674 678 me
697 615 882 696 expectatus
905 617 937 674 et
960 612 1051 677 avide
1078 618 1208 698 optatus
1231 615 1296 678 sin·

144 717 255 799 gulare
286 716 366 782 mihi
400 716 561 782 attulisset
592 717 754 782 solacium.
812 713 927 780 Merito
960 719 1034 799 post
1065 720 1138 782 tuos
1171 717 1296 782 labores

144 826 177 887 et
200 821 405 886 infirmitates
428 821 524 886 huius
547 822 608 888 looi
638 822 720 887 aeris
751 825 784 886 et
815 820 1046 886 elementorum
1069 823 1242 905 temperies
1265 827 1299 886 et

143 929 299 992 amenitas
322 927 382 992 looi
407 950 464 1012 pre
487 929 602 994 esteris
624 933 658 993 te
681 928 743 993 hue
766 925 970 1006 attraxisset,
1000 929 1049 990 set
1080 947 1137 990 eur
1161 928 1220 992 hoe
1243 928 1297 992 da-

144 1037 213 1096 tum
236 1053 299 1096 non
323 1030 433 1113 fuerit,
459 1033 557 1099 miror
581 1056 674 1119 quam
691 1033 907 1099 vehementer.
944 1030 1111 1116 Egovero,
1135 1031 1189 1116 qui
1214 1031 1298 1096 sieut

144 1137 251 1202 asinus
283 1139 322 1203 ad
350 1159 482 1224 presepe
514 1139 653 1224 ligatus,
686 1138 875 1204 dilfieillime
908 1138 1017 1202 abesse
1038 1136 1147 1216 valeo,
1181 1138 1295 1203 nedum

144 1247 276 1326 propter
309 1243 493 1309 discrimina
527 1246 652 1309 viarum
680 1249 728 1310 set
756 1247 889 1327 propter
916 1242 1005 1307 varia
1037 1243 1098 1308 hoo
1119 1241 1299 1327 specialiter

145 1351 290 1430 tempore
319 1347 351 1412 in
384 1349 450 1413 dies
472 1351 693 1430 ooeurrenoia,
726 1370 824 1435 quare
854 1369 939 1414 nune
962 1352 994 1413 te
1017 1349 1145 1414 comode
1166 1347 1299 1414 visitare

146 1473 278 1536 nequeo,
304 1459 487 1520 excusatum
514 1478 591 1540 ergo
613 1478 664 1522 me
687 1456 804 1520 habere
826 1454 914 1534 velis,
937 1454 1052 1519 obnixe
1075 1474 1164 1538 rogo.

234 1555 371 1624 ¹Libros
396 1562 596 1645 quamtocius
620 1566 732 1645 potero
755 1581 827 1625 eum
847 1559 993 1644 proxima
1009 1562 1138 1624 vectura
1161 1558 1297 1625 mittam.

144 1659 191 1726 De
215 1662 292 1728 meis
314 1664 397 1729 nihil
421 1666 480 1731 tibi
504 1689 578 1733 eure
602 1666 661 1746 sit,
694 1669 862 1731 eontentor
884 1665 921 1730 de
945 1663 1050 1748 primo
1072 1660 1219 1730 oanone’
1244 1663 1298 1728 ha-

146 1766 257 1847 bendo,
280 1768 319 1832 de
341 1771 455 1835 esteris
478 1773 628 1857 quiequid
651 1777 759 1837 aetum
774 1771 827 1850 sit,
851 1792 973 1836 summe
991 1769 1096 1853 planet
1120 1775 1151 1834 et
1175 1792 1300 1855 semper

143 1870 292 1954 placebit.
340 1872 386 1938 De
408 1875 564 1958 genitrioe
586 1896 665 1954 mea,
688 1895 784 1958 quam
800 1873 1004 1958 proehpudor
1025 1874 1194 1942 mulierem
1211 1876 1298 1940 omni

145 1998 275 2041 rancore
309 1977 435 2062 plenam
458 1981 558 2046 seiam
585 1984 617 2045 et
648 2002 709 2065 que
742 2002 793 2045 me
816 1980 967 2063 eonvieijs
989 1979 1137 2064 pluribus
1159 1981 1299 2047 libenter

142 2087 221 2165 aput
258 2082 366 2167 plures
401 2085 598 2166 involveret,
647 2086 740 2150 doleo
771 2085 985 2151 vehementer.
1040 2084 1111 2150 Soio
1142 2087 1299 2152 sororium

143 2211 249 2253 meum
281 2192 372 2255 tante
405 2191 606 2258 disoreoionis
637 2193 758 2272 virum,
793 2193 877 2276 quod
909 2193 1006 2257 nullis
1038 2193 1192 2258 eonvioiis
1229 2215 1299 2259 eam

142 2293 327 2359 molestaret
354 2297 395 2360 ob
424 2297 575 2363 honorem
611 2320 737 2377 meum,
767 2297 886 2364 sororis
915 2319 983 2362 mee
1014 2319 1052 2363 ao
1073 2298 1217 2364 omnium
1240 2320 1297 2363 no·

143 2401 294 2480 strorum,
321 2404 466 2485 quamvis
488 2424 551 2468 non
575 2403 736 2482 inficiorl,
761 2404 862 2468 multa
885 2425 960 2488 egre
983 2403 1067 2468 ferre
1089 2405 1129 2469 ab
1152 2425 1207 2484 ea,
1239 2426 1299 2488 que

143 2503 249 2568 miuus
270 2511 446 2588 pateretur,
468 2509 496 2571 si
519 2530 627 2574 amore
649 2511 711 2574 mei
735 2515 791 2573 aut
814 2507 949 2573 aliorum
979 2509 1011 2572 id
1035 2531 1098 2573 non
1122 2508 1298 2573 tolleraret.

145 2611 348 2694 Attemptavi
373 2611 512 2699 meos(?)
536 2613 655 2693 literis,
690 2619 740 2678 set
762 2615 916 2679 haetenus
945 2635 1061 2696 parum
1089 2614 1226 2697 profeoi,
1249 2619 1300 2678 aet

143 2737 269 2801 semper
296 2717 329 2780 in
360 2716 517 2782 deteriora
547 2725 662 2785 cuneta
696 2721 780 2785 verti
814 2723 846 2784 et
880 2719 954 2804 plus
988 2719 1159 2804 malignari
1195 2720 1298 2803 ipsam

142 2823 259 2886 sencio.
304 2820 386 2898 Quid
410 2822 512 2906 igitur
535 2847 641 2890 seeum
663 2847 757 2910 agam
773 2830 830 2890 aut
845 2846 904 2909 per
919 2825 1000 2890 alios
1016 2826 1146 2908 penitus
1170 2823 1297 2908 ignoro.

143 2924 284 2992 Tandem
307 2928 441 2993 arbitrio
464 2950 531 3008 suo,
554 2951 752 3015 quecumque
775 2931 886 3009 libent,
911 2934 996 3015 agat.

712 3083 731 3116 ὕ

141 3172 221 3226 entus
249 3187 311 3223 sum
336 3171 418 3228 modo
436 3171 577 3228 Ludovioo
599 3172 726 3242 Mentiug
748 3189 782 3228 ex
810 3177 892 3244 parte
918 3174 1124 3230 mittendarum
1143 3191 1160 3229 u
1179 3178 1226 3242 te,
1251 3173 1300 3245 qui

143 3258 251 3323 asserit,
270 3259 346 3314 omni
365 3257 410 3314 die
428 3259 569 3314 famulum
587 3277 669 3316 suum
688 3279 751 3316 oum
770 3263 935 3332 mereanoijs
963 3280 981 3318 a
1001 3263 1128 3334 Veneoijs
1147 3265 1298 3318 venturum

141 3345 171 3400 in
190 3345 343 3416 lnspruels,
371 3346 449 3402 euius
474 3365 575 3405 nomen
602 3350 682 3404 extat
701 3349 845 3406 Oonredus
864 3349 1029 3405 Widmann.
1075 3348 1126 3407 Oui
1146 3350 1197 3404 abs
1215 3350 1300 3406 dubio

142 3449 315 3502 quecumque
333 3435 445 3490 mittere
463 3435 592 3500 volueris,
611 3453 673 3492 oum
688 3437 785 3494 eodem
803 3437 918 3491 mittere
933 3454 1013 3504 ouro3
1033 3455 1090 3492 non
1109 3436 1218 3502 dubito,
1230 3437 1298 3506 quin

142 3537 212 3574 onus
230 3521 303 3575 illud
323 3523 376 3578 mei
394 3521 502 3577 intuitu
521 3523 610 3577 libens
637 3523 750 3580 subibit.
789 3522 951 3576 Fidissimus
969 3523 1057 3577 eciam
1075 3523 1187 3588 existit,
1212 3540 1300 3593 qnare

142 3607 198 3661 sibi
218 3607 300 3663 fidem
318 3608 467 3665 indubiam
486 3613 515 3664 et
542 3611 685 3665 credulam
715 3610 863 3675 adhibeas,
890 3610 981 3665 eoiam
1000 3612 1023 3665 si
1043 3610 1152 3666 maiora
1171 3610 1227 3679 hijs
1246 3611 1299 3665 sihi

142 3695 346 3750 committenda
359 3695 460 3752 forent.
499 3697 664 3768 Promptum
677 3697 733 3752 seio
745 3713 773 3752 se
785 3696 938 3752 exhibebit.
978 3697 1149 3752 Sorutinium
1168 3715 1236 3768 ergo
1250 3715 1299 3768 per

142 3781 283 3838 famulum
303 3782 426 3852 aliquem
454 3784 489 3838 de
514 3785 571 3838 elue
596 3785 721 3840 adventu
747 3785 880 3841 habeas«
929 3785 986 3842 Das
1005 3785 1074 3840 wird
1093 3785 1168 3842 wohl
1187 3786 1300 3841 hierher

142 3869 266 3939 gehtren
285 3869 342 3925 und
360 3871 524 3928 Hartmann
543 3873 613 3928 wird
633 3873 682 3928 der
695 3873 823 3930 adressat
835 3873 902 3929 sein.
939 3859 1016 3930 llber
1029 3873 1148 3943 Ludwig
1163 3874 1299 3943 hlauting,

140 3958 223 4013 einen
241 3958 352 4015 reiohen
371 3960 552 4030 Augsburger
570 3961 739 4026 teutberto,
766 3979 787 4016 s.
809 3959 850 4020 St.
870 3962 933 4018 Chr.
954 3962 978 4016 V
999 3961 1062 4034 {und
1081 3960 1176 4028 XXll,
1195 3962 1299 4032 passim

141 4045 200 4100 und
218 4047 274 4102 den
293 4047 366 4103 brief
383 4049 552 4104 Blumeneus
572 4049 654 4122 [oben
673 4067 716 4104 ur.
740 4051 773 4106 39
793 4051 851 4120 vgl.
871 4049 1072 4120 Forsohungen
1091 4050 1137 4116 Xl,
1155 4049 1237 4120 353]‚
1257 4068 1300 4105 wo

141 4151 171 4189 er
189 4133 233 4189 als
252 4135 353 4190 lreund
372 4137 530 4193 Hermauns
549 4139 680 4207 genennt
699 4138 748 4192 ist.

214 4223 227 4275 l
248 4217 305 4274 Das
317 4221 449 4292 folgende
462 4223 514 4278 aul
530 4224 689 4279 demselben
708 4223 800 4278 blatta
818 4223 891 4280 oben
911 4225 953 4279 ale
972 4225 1147 4294 lortsetaung
1166 4223 1241 4278 eines
1259 4241 1300 4279 er-

142 4312 206 4364 sten
224 4309 374 4376 antwurls,
395 4310 493 4365 dessen
511 4311 621 4381 anfang
638 4312 837 4381 nachtrtglioh
856 4313 942 4367 duroh
961 4313 1013 4368 das
1031 4312 1092 4368 hier
1110 4313 1302 4382 abgedruohte

139 4400 243 4454 ersetzt
261 4397 305 4451 ist.
378 4398 394 4451 2
414 4398 595 4453 Avieennae?
666 4397 869 4455 dinfioiatur?

1037 4604 1092 4658 10*
