3092 5244
691 469 732 536 89

169 637 173 643 ’
220 637 261 702 Et
283 638 409 703 demum
432 642 536 703 vestra
565 643 739 709 admonitio
769 645 909 708 animum
934 665 1038 708 meum
1068 642 1134 706 auis
1166 634 1286 703 viribus

127 743 327 809 diffidentem
351 743 384 807 in
400 745 563 814 audaciam
579 749 740 816 subeunde
755 748 970 834 precepcionis
987 752 1093 813 vestre
1109 746 1188 812 adeo
1209 760 1283 827 per·

128 850 232 928 duxit,
257 849 340 934 quod
364 871 426 914 non
443 850 505 916 iam
522 851 715 919 humilitatis
738 855 861 934 fuisset,
887 856 1126 937 perseveranter
1148 848 1288 916 tenuisse

132 954 310 1033 silentium,
333 955 386 1019 sed
410 957 567 1039 superbie.
615 959 656 1024 Et
679 960 734 1024 ubi
760 981 808 1023 me
824 981 893 1023 mea
910 958 1070 1023 rusticitas
1093 956 1213 1020 fecerat
1234 952 1285 1015 in·

128 1058 272 1123 validum
302 1061 535 1143 respondendo,
559 1061 628 1128 illic
660 1087 773 1147 nempe
800 1063 972 1129 studiosior
1000 1066 1106 1128 vestra
1129 1060 1288 1144 repugnat

129 1164 329 1244 humanitas,
351 1165 406 1230 nbi
430 1167 560 1250 gravior
583 1173 681 1254 urget
705 1169 883 1235 necessitas,

225 1269 373 1335 Asseruit
387 1275 550 1355 postremo
573 1273 757 1339 humanitas
773 1280 878 1340 vestra
901 1296 959 1358 pro
983 1271 1204 1357 exploracione
1226 1267 1287 1332 loci

129 1373 314 1439 claustralis
347 1396 406 1458 pro
438 1378 600 1443 commodo
624 1380 787 1444 cuiusdam
810 1402 837 1445 v.
863 1375 1083 1466 h[umanitati]
1114 1373 1190 1440 noti.
1238 1371 1287 1436 Ad

130 1480 217 1562 quod
242 1500 449 1563 responsurus
461 1481 609 1548 brevibus
624 1485 840 1569 constringam
856 1483 971 1562 verbis,
995 1484 1078 1568 quod
1094 1480 1172 1545 satis
1188 1497 1288 1562 usque

132 1587 163 1650 in
190 1585 279 1649 hunc
301 1585 384 1648 diem
407 1607 426 1649 a
451 1609 500 1651 me
523 1587 634 1654 habita
656 1595 705 1654 est
720 1589 816 1654 huius
832 1590 877 1653 rei
898 1588 1106 1672 experiencia.
1155 1584 1195 1648 Et
1210 1603 1289 1666 opus

130 1711 200 1755 esse
226 1690 309 1768 dico,
332 1695 367 1755 ut
389 1691 444 1776 qui
460 1692 539 1758 talia
563 1694 687 1778 ingredi
711 1694 780 1760 loca
802 1695 997 1772 desiderant,
1021 1689 1232 1778 personaliter
1254 1687 1288 1751 in

132 1795 323 1878 primordiis
345 1803 550 1881 compareant
564 1803 660 1883 atque
676 1798 896 1864 cohabitantes
911 1799 1118 1882 comprobare
1133 1795 1289 1871 nitentur,

131 1924 170 1967 ne
194 1901 364 1984 contingat
388 1903 498 1986 quovis
515 1903 616 1983 modo,
632 1905 778 1988 deinceps
801 1926 873 1968 enm
889 1903 1009 1968 retrahi
1032 1903 1072 1968 ab
1089 1903 1226 1983 incepto,
1255 1919 1290 1960 ac

133 2007 337 2090 promissum,
361 2005 388 2070 ei
405 2007 479 2090 quid
495 2009 712 2092 spoponderit,
728 2008 865 2093 persolvi
881 2009 1062 2093 exigeretur
1075 2006 1185 2071 invite.
1226 2001 1256 2067 N
1258 2025 1290 2066 e-

133 2113 254 2177 minem
280 2132 406 2195 quoque
428 2132 462 2176 se
484 2113 594 2177 dicunt
609 2115 738 2180 abbates
753 2121 786 2180 et
798 2116 921 2198 priores
936 2118 1128 2197 accepturos,
1151 2111 1186 2175 ni
1200 2108 1290 2194 prins

136 2218 163 2280 is
187 2237 243 2282 eos
266 2220 299 2279 et
322 2215 383 2300 ipsi
406 2215 497 2281 illurn
522 2219 659 2300 probent
682 2224 714 2284 et
737 2219 918 2284 examinent
949 2223 981 2283 et
1003 2216 1145 2283 moribus
1169 2220 1201 2280 et
1223 2214 1290 2278 vita

134 2344 166 2387 se
190 2321 328 2386 invicem
351 2322 533 2388 auscultant
543 2323 590 2407 (Ι).
617 2323 667 2388 Me
689 2326 768 2390 sciat
784 2326 921 2411 denique
937 2321 1157 2409 spectabilitas
1172 2325 1287 2397 vestre,

134 2449 263 2492 ornnem
287 2448 392 2492 meum
408 2427 559 2508 laborem,
582 2451 709 2495 omnem
725 2452 863 2514 operam,
887 2453 1006 2510 curam,
1029 2429 1170 2494 studium
1187 2430 1290 2491 vestre

133 2533 347 2598 humanitatis
370 2534 518 2618 negociis,
543 2536 691 2620 quociens
713 2557 792 2619 opus
815 2536 932 2614 tuerit,
968 2537 1157 2600 interserere
1180 2536 1287 2596 atten-

134 2643 215 2718 tum,
239 2660 291 2704 me
315 2661 440 2724 quoque
463 2645 567 2706 totum
584 2663 654 2706 cunr
671 2642 984 2707 recommandacione
1006 2640 1044 2704 ad
1061 2638 1169 2722 quevis
1188 2640 1291 2698 vestre

135 2744 349 2810 humanitatis
382 2745 580 2829 beneplacita
619 2747 708 2811 vobis
745 2745 944 2831 obligatum,
983 2743 1154 2812 obnoxium
1193 2744 1290 2824 atque

135 2855 325 2934 promptum
340 2850 532 2915 commendo.
571 2849 692 2916 Vellem
708 2855 749 2930 et,
773 2857 809 2915 ut
824 2851 987 2916 dominum
1006 2868 1120 2920 meum,
1143 2843 1291 2910 videlicet

136 2961 265 3042 patrem
281 2960 431 3032 vestrum,
455 2978 492 3020 ex
509 2957 636 3022 nomine
651 2958 814 3022 cniusdam
838 2956 941 3041 patris
958 2953 1142 3033 Karthnsie,
1166 2950 1292 3016 nomine

142 3060 296 3127 Nicotaus
310 3058 468 3144 Kampff¹,
492 3061 613 3127 salvum
634 3061 751 3128 diceret
766 3061 947 3126 humanitas
963 3065 1077 3138 vestra,
1091 3058 1153 3124 sibi
1169 3077 1295 3143 quoque

139 3167 285 3234 cedulam
309 3187 366 3230 sua
381 3167 512 3250 propria
527 3190 624 3232 manu
639 3168 792 3251 scriptam
806 3170 1014 3251 presentaret.
1049 3165 1080 3230 Is
1094 3183 1208 3247 nempe
1221 3161 1293 3246 plu·

136 3275 220 3338 rima
230 3270 372 3337 Johanni
388 3269 510 3336 Ulatatt
523 3268 535 3308 ¹
549 3271 700 3357 obsequia
716 3274 889 3355 prestabat,
912 3273 977 3336 imo
993 3276 1026 3338 ct
1041 3270 1211 3336 exhibebat
1236 3268 1290 3331 be-

137 3380 256 3464 nigne,
284 3378 373 3442 cuius
405 3376 570 3442 cenobium
603 3377 641 3441 ad
676 3377 716 3442 18
745 3378 933 3443 ebdomadas
964 3375 1150 3442 commorati
1184 3393 1292 3438 sumus

139 3484 241 3567 pestis
263 3483 304 3548 ab
326 3503 464 3558 causam,
487 3485 596 3564 postea
620 3481 704 3546 circa
720 3480 838 3546 festum
852 3480 1065 3546 conversionis
1080 3478 1181 3543 sancti
1197 3475 1290 3540 Pauli

137 3592 257 3655 iterum
281 3588 417 3674 ingressi
441 3608 549 3661 sumus
568 3585 746 3666 Wiennam,
771 3587 815 3651 ibi
839 3587 995 3652 studendo
1011 3583 1163 3668 proficere
1185 3582 1290 3646 inten-

140 3697 246 3761 dimus
270 3715 356 3759 more
378 3693 483 3759 solito.

229 3799 311 3865 Item
335 3799 460 3864 noviter
482 3798 554 3862 misi
577 3799 697 3882 scripta
730 3797 857 3862 domino
879 3818 949 3861 meo
974 3817 1046 3860 cum
1069 3793 1204 3877 quodam
1228 3796 1295 3856 stu·

142 3910 238 3972 dente
261 3906 299 3969 de
322 3903 470 3983 Lindaw,
504 3924 602 3988 quare
625 3904 688 3967 iam
720 3903 917 3985 supersedeo.
964 3899 1114 3965 Attamen
1139 3920 1189 3962 me
1212 3898 1294 3981 apud

144 4034 217 4078 eum
240 4015 346 4075 vestra
369 4010 409 4074 ab
432 4009 631 4074 humanitate
654 4007 767 4074 vellem
784 4006 1072 4072 recommendatum
1089 4003 1211 4084 haberi,
1233 4002 1295 4067 sibi

143 4137 271 4202 qnoque
304 4113 430 4199 aliquot
462 4119 624 4180 sexternos
653 4114 765 4198 pulcra
796 4113 830 4175 in
863 4133 895 4176 se
927 4111 1126 4176 continentes
1157 4109 1296 4192 plurima

147 4221 344 4306 presentium
370 4219 467 4304 [cum]
491 4219 593 4284 latore
616 4217 810 4294 transmitto,
844 4213 1030 4300 pulcriora⁸
1063 4235 1188 4299 quoque
1211 4214 1296 4278 dicta

220 4378 234 4432 l
256 4375 335 4431 Prior
354 4375 402 4430 der
421 4376 574 4431 karthanse
588 4344 746 4442 Gemmindr,
767 4372 946 4427 fruchtbarer
963 4370 1168 4441 theologischer
1187 4368 1296 4424 schrift·

147 4465 251 4530 stellet,
273 4464 370 4520 dassen
391 4463 482 4519 werke
500 4464 530 4518 in
549 4460 762 4518 handschriftcn
774 4461 871 4530 htufig
882 4458 953 4514 sind.
974 4457 1036 4527 Vgl.
1048 4456 1304 4512 Fabricius-Mansi-

145 4554 177 4618 V,
198 4554 246 4610 100
265 4551 287 4607 f.
358 4551 374 4604 2
394 4552 419 4606 S.
440 4551 511 4606 oben
528 4567 549 4604 s.
570 4549 624 4604 62¹.
696 4549 712 4602 3
731 4546 793 4604 cod.
810 4546 960 4617 plueriora.
