3106 5246
684 456 744 520 165

224 627 448 714 Superioribus
470 629 591 708 diebus,
614 631 729 712 patrue
751 632 920 711 carissime,
945 631 1043 698 allate
1068 636 1143 696 sunl
1167 631 1246 696 mihi
1270 655 1288 696 e

136 735 271 800 caritate
293 737 350 800 lue
371 756 468 819 opere
491 738 579 800 certa
602 733 646 798 M.
671 733 708 803 T.
733 734 933 823 O[iceronis],
956 739 1124 823 inquibus
1146 737 1288 823 legendis

135 841 212 907 eden
244 839 385 905 animum
421 861 523 906 meum
569 837 758 921 incendunt,
793 849 830 908 ut
863 849 989 928 tempus
1020 844 1126 927 sepius
1156 847 1290 928 propter

133 946 303 1011 verborum
335 966 372 1010 ec
401 944 635 1010 senlenoierum
668 946 793 1030 copiam
822 953 854 1015 el
883 947 1134 1033 elegantiam(?)
1156 949 1289 1014 deficere

133 1051 303 1118 videretur.
344 1049 414 1126 Qus
446 1051 485 1116 de
513 1071 607 1116 cause
641 1073 677 1117 ee
698 1054 870 1120 transcribi
893 1055 1009 1122 fecium
1036 1053 1233 1140 quamtocius
1256 1058 1290 1118 el

134 1161 244 1240 postea
259 1155 460 1220 ornatissime
475 1154 571 1239 ligari
588 1177 626 1220 ac
642 1156 770 1222 mittere
786 1160 913 1226 curabo.
953 1159 1095 1226 Liberem
1107 1155 1286 1245 m[cgislri]

135 1260 298 1326 Valentini
315 1260 519 1344 epol[ecarii]
541 1261 742 1344 presentibus
758 1263 913 1330 inclusam
930 1265 1035 1344 milio,
1059 1266 1149 1329 cuius
1169 1264 1287 1330 verite·

134 1372 198 1434 lem
212 1366 256 1449 (l)
290 1366 323 1429 in
363 1387 400 1430 ee
432 1366 568 1449 legendo
602 1367 789 1450 persencies.
843 1368 1045 1454 Quocumque
1076 1368 1182 1436 fecere
1208 1369 1287 1434 deli-

135 1472 317 1551 beraveris,
349 1471 489 1552 consulo,
516 1477 552 1537 ut
577 1472 654 1536 bene
685 1473 891 1540 considerelis
922 1474 1058 1561 singulis
1082 1474 1224 1540 animum
1248 1475 1287 1539 ad

133 1599 178 1656 ea,
203 1599 265 1661 qne
287 1577 409 1662 optime
433 1577 636 1658 videbuntur,
660 1579 823 1663 applicare
846 1601 945 1646 cures.
985 1576 1134 1645 Profecto
1157 1577 1289 1645 difficile

132 1686 191 1761 esl,
214 1681 253 1746 cd
277 1703 313 1748 ee
336 1682 396 1748 hoc
424 1687 568 1766 tempore
590 1683 697 1748 subito
710 1685 886 1764 escendere,
910 1685 972 1750 nisi
995 1683 1085 1768 prius
1108 1679 1285 1770 noticic[m]

133 1786 299 1853 hominum
322 1787 393 1871 quis
423 1787 550 1867 habeat,
582 1787 676 1852 siculi
699 1790 896 1872 experiencic
924 1790 1035 1856 doctus
1057 1793 1090 1854 el
1114 1789 1285 1854 maximam

135 1913 172 1955 ex
196 1913 234 1957 ec
248 1895 433 1958 consecutus
448 1893 555 1976 sepius
572 1893 785 1978 frequentiam
799 1896 850 1980 (l),
874 1895 1052 1980 profectum
1068 1899 1101 1959 el
1123 1894 1285 1960 honorem.

605 2098 814 2106 —————.

682 2167 742 2242 71.

134 2306 328 2380 Hermann
362 2304 514 2380 Schedel
539 2329 588 2378 en
614 2306 827 2382 Hammenn
851 2309 1017 2384 Schedel.
1070 2308 1287 2407 [Augsburg

633 2429 748 2528 1466]
764 2430 787 2505 ².

499 2581 561 2636 clm.
575 2583 627 2637 224
644 2577 750 2643 f.289l.
787 2585 918 2657 concept.

14 2767 15 2798 ,
133 2708 351 2791 Wcrnung
376 2727 452 2770 von
475 2704 530 2768 dr.
554 2701 756 2771 Heinrich
781 2705 982 2773 Gdrller.
1031 2707 1286 2796 Rslschl'dge

14 2849 15 2854 ι
131 2811 1285 2898 uurerlengungcineraralslclle,speeiellamLends-

582 2917 707 2982 huler
730 2917 836 2984 nofe.

14 3137 15 3146 ἵ
218 3057 360 3123 Salutem
392 3057 565 3141 plurimam
596 3056 683 3122 dicit.
739 3055 910 3140 Cuperem,
943 3057 1061 3124 maiore
1095 3080 1132 3124 ec
1154 3058 1284 3127 lectiore

132 3163 277 3230 benificio
300 3163 333 3229 in
357 3167 390 3228 te
405 3168 516 3248 gratus
540 3163 656 3243 videri,
687 3185 782 3248 quem
804 3166 842 3228 ul
864 3163 968 3228 verbis
992 3168 1116 3230 lantum
1147 3187 1284 3252 egerem,

132 3275 246 3354 patrue
271 3269 441 3348 carissime,
465 3268 525 3333 hoc
550 3269 633 3334 enim
658 3269 718 3333 eibi
742 3269 860 3349 debeo,
893 3273 1047 3354 quantum
1073 3271 1152 3336 bene
1174 3293 1283 3337 eman·

131 3375 218 3438 libus
240 3373 349 3438 deberi
373 3377 488 3458 polest.
534 3373 572 3438 In
604 3373 670 3438 dies
702 3373 785 3436 enim
810 3374 916 3455 cogito
939 3395 976 3437 ac
998 3377 1196 3458 perscrutari
1221 3397 1283 3441 non

132 3500 228 3557 cesso,
252 3481 279 3543 si
302 3501 453 3564 umquem
477 3479 537 3543 libi
561 3482 680 3543 sladum
704 3477 872 3543 honestum
897 3479 1170 3564 honorificumque
1196 3481 1281 3545 crdi-

132 3606 207 3648 nere
230 3605 365 3668 possem,
390 3607 483 3670 quem
500 3584 644 3668 prolecto
663 3583 814 3648 hactenus
830 3605 986 3668 nusquam
1006 3583 1068 3668 hijs
1083 3585 1117 3648 in
1135 3586 1283 3668 partibus

129 3691 323 3774 perscrutari
346 3689 447 3774 potui.

218 3795 512 3861 Pollicilacionibus
544 3795 681 3860 doctoris
704 3791 861 3859 Gurller²
889 3793 1057 3858 minimum
1089 3794 1161 3858 fidei
1193 3795 1283 3859 adhi-

132 3901 213 3966 beas.
264 3900 426 3965 Blendieie
459 3904 554 3979 sunt,
586 3898 705 3964 sufficit
725 3899 891 3984 polliceri,
926 3904 962 3964 ul
984 3899 1127 3964 favorem
1149 3905 1228 3983 apul
1251 3905 1283 3964 le

131 4003 261 4071 interim
285 4004 410 4088 hebeat,
435 4028 492 4072 nec
516 4007 570 4091 qui
593 4006 786 4090 promissum
810 4004 1036 4092 co[m]plerel,
1060 4011 1168 4090 presto
1191 4012 1282 4072 esset.

132 4108 271 4175 Divitem
296 4112 475 4191 verborum,
501 4113 628 4197 inopem
652 4116 759 4177 aulem
783 4133 888 4176 rerum
912 4111 1055 4196 dolisque
1080 4112 1206 4195 plenum
1232 4112 1280 4196 ip-

132 4237 199 4282 sum
221 4239 350 4300 semper
373 4218 517 4304 cognovi,
541 4238 598 4282 nec
621 4222 653 4281 te
669 4218 749 4281 inibi
774 4237 840 4282 csse
856 4216 952 4281 vellet
975 4217 1050 4282 scio.
1090 4217 1174 4283 Nem
1197 4240 1281 4282 emo·

697 4339 715 4380 e

201 4454 211 4506 1
235 4451 377 4523 Delirung
394 4455 465 4509 nech
484 4454 533 4509 der
553 4454 678 4524 stellung
696 4454 736 4510 im
753 4453 839 4510 codex
866 4471 929 4508 aum
948 4453 1106 4522 folgenden.
1178 4456 1194 4509 2
1212 4453 1278 4526 Vgl.

131 4541 200 4595 oben
219 4557 260 4597 nr.
282 4543 323 4597 55.
