3092 5244
811 453 854 516 90

250 628 310 693 sibi
334 629 367 692 in
390 627 494 692 literis
527 632 583 692 aut
604 627 667 692 ianr
700 627 807 692 allatis
840 625 891 692 vel
922 626 954 691 in
988 627 1038 692 via
1070 625 1174 692 adhuc
1202 625 1399 710 porrigendis
1523 615 1524 620 ἵ

251 733 364 817 legavi.
400 732 490 815 Rogo
506 737 700 818 quapropter
724 733 829 811 etiam,
853 738 889 797 ut
911 732 937 796 ei
962 732 1038 817 quid
1054 732 1138 810 novi,
1161 732 1245 816 quod
1268 752 1397 815 parvum

252 837 343 917 foret,
367 837 592 921 adipisceretis,
616 838 710 902 huius
726 859 776 900 me
789 837 977 920 participem
1007 834 1135 923 [faeere]
1162 857 1224 901 non
1249 837 1400 920 dedigna-

251 941 337 1006 retis.
369 941 415 1006 Ex
434 939 573 1006 Wienna
595 939 629 1004 2⁰
650 962 749 1006 nonas
772 940 923 1023 februarij
948 962 1031 1006 anno
1056 939 1149 1006 1462.

1093 1045 1256 1111 Erhardns
1278 1044 1317 1109 R.

338 1151 505 1216 Sacrorum
530 1173 684 1217 canonum
708 1151 843 1235 virgulis
867 1150 980 1216 fulcito
1000 1149 1145 1216 Udalrico
1163 1147 1399 1237 G[ossembrot]

252 1279 396 1322 necnon
421 1257 454 1320 in
490 1258 607 1322 eisdem
631 1256 819 1332 licenciato,
852 1255 980 1320 domino
1003 1277 1060 1322 suo
1088 1257 1323 1340 spectatissimo
1348 1261 1403 1320 aut

252 1363 302 1426 sui
325 1363 357 1427 in
382 1363 526 1428 absentia
549 1365 634 1448 patri
659 1363 807 1428 eiusdem.

823 1591 858 1663 3.

255 1713 448 1787 Hermann
491 1712 647 1786 Schedel
695 1737 743 1786 an
791 1596 1005 1786 ldartmann
1041 1711 1204 1786 Schedel.
1270 1711 1402 1806 [Auge-

689 1835 785 1932 burg
818 1837 931 1933 1462]
948 1834 970 1910 ¹.

599 1973 662 2028 clm.
680 1974 732 2028 224
749 1975 769 2032 f.
788 1975 868 2028 275¹&
905 1972 1028 2044 Ooncept
1041 1974 1058 2027 ².

255 2099 340 2164 Lob
379 2100 455 2165 und
495 2098 760 2182 ermahnung
793 2121 884 2162 zum
920 2097 1104 2162 studium
1142 2098 1214 2161 der
1251 2097 1407 2180 poesie.

507 2202 781 2287 Emplehlung
805 2204 867 2268 des
892 2201 1151 2268 Lactantius.

343 2341 446 2407 Multa
479 2341 557 2406 mihi
587 2343 625 2406 de
649 2349 705 2408 lua
728 2344 884 2426 prestanti
908 2341 1027 2407 virtute
1051 2342 1170 2425 scripta
1192 2346 1288 2421 sunt,
1320 2341 1402 2406 alius

254 2448 483 2532 benignitatem
497 2449 682 2531 precipuum
699 2449 865 2526 referebat,
893 2445 998 2511 alius⁸
1022 2447 1187 2511 mirificam
1204 2445 1403 2511 honestatem

252 2557 349 2638 atque
365 2552 559 2632 modestiam,
581 2554 661 2617 alius
676 2554 875 2637 prudentem,
898 2554 984 2618 ultra
1001 2575 1096 2638 quam
1121 2556 1187 2616 etas
1203 2552 1313 2632 ferret,
1330 2573 1404 2636 pre·

252 2658 386 2722 dicabat.
433 2657 552 2734 Quibus
576 2681 614 2724 ex
637 2660 730 2723 rebus
753 2665 786 2723 et
800 2660 909 2723 mirari
933 2664 964 2724 te
988 2658 1136 2722 similiter
1167 2661 1200 2722 et
1224 2679 1331 2722 amare
1353 2677 1405 2721 oc-

252 2764 321 2846 cepi
345 2769 377 2827 et
400 2769 561 2849 tamquam
587 2765 769 2848 prodigium
786 2765 948 2848 putabam,
972 2764 1202 2828 adolescentem
1226 2766 1276 2826 tot
1297 2762 1402 2826 virtu·

253 2869 340 2931 tibus
363 2869 536 2933 elucescere
548 2918 661 2933 ......
670 2868 754 2932 -Illas
771 2890 834 2932 non
858 2868 964 2944 retuli,
987 2872 1024 2932 ut
1047 2867 1204 2951 glorieris,
1228 2888 1292 2931 non
1315 2871 1352 2932 ut
1376 2873 1408 2933 te

257 2973 363 3054 iactes,
386 2974 550 3056 superbias
577 2973 628 3038 vel
651 2973 780 3039 infleris.
828 2972 936 3038 Solum
961 2972 1020 3037 hoe
1042 2973 1164 3053 scribo,
1188 2977 1225 3036 ut
1247 2973 1406 3039 custodias

254 3082 381 3142 tanturn
404 3080 520 3143 bonum
545 3085 577 3143 et
600 3101 703 3143 serves
724 3085 755 3143 et
778 3079 952 3161 amplifices
978 3079 1060 3143 hunc
1082 3078 1278 3157 thesaurum,
1301 3084 1339 3143 ut
1361 3081 1407 3144 sic

254 3189 285 3246 te
309 3183 442 3263 habeas,
472 3189 509 3248 ut
530 3185 667 3248 virtutes
691 3189 745 3248 tue
767 3207 839 3248 cnm
862 3188 946 3249 etate
969 3191 1111 3249 crescant
1144 3189 1177 3248 et
1199 3185 1256 3249 fias
1280 3185 1312 3248 in
1338 3186 1404 3250 dies

255 3288 435 3366 virtuosior,
460 3311 500 3352 nc
522 3289 553 3353 in
579 3289 696 3353 vicium
719 3289 898 3373 aliquorum
922 3290 1058 3368 incidas,
1092 3290 1145 3374 qui
1178 3289 1253 3354 boni
1275 3289 1409 3355 fuerunt
1526 3315 1527 3358 l

253 3394 380 3458 iuvenes
403 3400 435 3459 et
457 3395 587 3479 pessimi
609 3417 719 3474 senes,
752 3401 784 3460 et
809 3402 844 3459 ut
867 3396 900 3458 in
932 3396 1119 3480 proverbio:
1156 3396 1275 3460 »bonus
1299 3396 1407 3480 pullus

254 3500 338 3565 mala
360 3500 513 3584 gallina«.
560 3501 628 3584 Ego
652 3501 736 3565 enim
760 3499 862 3584 cupio,
886 3504 923 3564 ut
952 3521 990 3563 ex
1022 3499 1104 3564 bono
1127 3499 1328 3564 adulescente
1355 3501 1409 3564 lias

252 3605 302 3667 vir
325 3606 474 3690 optimus.
521 3606 608 3682 Quod
623 3629 659 3671 eo
676 3606 801 3671 facilius
816 3606 876 3670 tibi
893 3606 964 3683 erit,
989 3625 1052 3690 quo
1074 3605 1187 3668 melius
1203 3627 1235 3669 es
1252 3606 1403 3669 nutritus.

254 3708 295 3772 Et
317 3731 391 3774 sane
414 3712 506 3776 debes
522 3719 595 3777 ante
611 3714 718 3777 omnia
733 3714 815 3776 dom.
837 3712 959 3777 doctori
974 3708 1120 3798 Jopnni]
1138 3711 1175 3774 de
1193 3707 1408 3796 Ratliebonal

253 3817 433 3899 preceptori
455 3821 511 3881 tuo
527 3818 712 3896 clarissimo,
735 3839 789 3881 seu
813 3817 1003 3902 quicumque
1026 3816 1108 3880 alter
1130 3813 1240 3894 inerit,
1263 3819 1300 3878 ut
1322 3835 1404 3891 reor,

253 3927 359 4004 grates
382 3922 509 4001 referre,
534 3924 588 4005 qui
613 3928 701 3986 tuum
727 3923 866 3986 animum
899 3922 1103 3986 excolendum
1129 3919 1265 4003 putavit,
1296 3919 1352 4003 qui
1376 3923 1408 3983 te

254 4028 314 4090 sub
348 4027 514 4110 disciplina
546 4028 652 4092 tenuit
682 4032 714 4090 et
744 4031 944 4110 preceptores
974 4027 1107 4091 tradidit
1139 4025 1288 4090 eruditos.
1342 4023 1408 4088 Hee

253 4134 335 4196 enim
375 4139 423 4196 est
460 4133 656 4216 amplissima
694 4139 725 4195 et
762 4133 874 4196 melior
912 4133 1061 4214 supellex.
1123 4129 1206 4214 Opes
1254 4129 1339 4194 enirn
1377 4135 1407 4195 et

842 4242 861 4275 ἅ·

325 4308 336 4360 l
358 4305 498 4375 Datirung
517 4306 589 4361 nach
607 4307 670 4361 dam
689 4307 846 4374 folgenden,
866 4306 917 4358 das
930 4307 1052 4360 antwort
1064 4304 1169 4358 darauf
1179 4304 1224 4357 ist.
1280 4303 1407 4358 2Flretcr

254 4395 378 4449 entwurf
387 4396 404 4449 f.
425 4398 484 4450 319.
522 4395 664 4450 Absohrift
676 4395 856 4458 Hartmanne,
875 4391 1040 4449 formelhaft
1059 4391 1217 4453 verandert,
1236 4391 1300 4444 clm.
1320 4389 1373 4444 418
1386 4389 1406 4442 l.

253 4484 313 4536 265.
369 4483 385 4536 3
403 4483 467 4539 clm.
485 4485 537 4538 418
557 4483 666 4537 werden
686 4481 761 4537 dieas
778 4482 866 4537 nahar
878 4481 1038 4536 bestimmt:
1061 4479 1123 4548 »qui
1137 4478 1291 4548 aliqnando
1311 4478 1348 4532 ad
1362 4492 1404 4530 me

253 4569 287 4624 de
307 4569 491 4625 universitate
509 4572 626 4625 veniunt
645 4569 813 4640 hiponensi«.
