3106 5252
813 434 856 498 84

263 608 381 672 referre
403 607 526 673 habebo
549 612 581 672 et
603 607 736 692 proinde
758 612 813 672 tue
829 606 991 672 dilectioni
1009 629 1058 672 me
1073 612 1175 671 totum
1202 607 1291 669 trado
1315 606 1407 670 etsie

262 734 313 776 me
335 713 436 792 trado,
458 719 495 777 ut
517 735 567 777 me
589 734 648 796 pro
670 716 728 777 tuo
750 733 874 796 semper
899 711 948 776 uti
971 711 1071 794 possis
1094 711 1263 777 arbitratu.

349 817 512 883 Prioribus
535 818 613 882 meis
635 816 790 900 scriptis¹
821 817 853 882 id
876 816 960 900 quod
991 838 1040 881 me
1063 816 1187 881 cuidam
1210 815 1337 882 mulieri
1361 817 1406 881 al-

261 921 386 1007 ligavit,
409 923 469 987 tibi
493 927 655 1006 tamquam
683 921 747 986 fido
778 925 811 985 et
832 921 954 985 sincero
984 926 1061 985 tunc
1089 921 1270 1002 significare
1292 923 1411 999 curavi,

262 1049 319 1092 neo
342 1029 427 1114 quod
446 1028 549 1093 adhuc
564 1048 614 1091 me
629 1027 731 1110 angit,
747 1027 807 1091 tibi
823 1025 983 1093 occultare
998 1026 1077 1091 1010.
1123 1025 1190 1091 Scis
1206 1027 1301 1103 enim,
1325 1049 1408 1091 mor-

261 1133 326 1198 tale
349 1154 450 1218 genus
473 1155 567 1217 quam
598 1132 630 1197 in
665 1153 772 1196 amore
794 1132 837 1197 sit
860 1153 1014 1214 pronum,
1046 1136 1261 1207 neocorest,
1285 1131 1407 1196 sivero

262 1260 411 1304 carneum
435 1244 492 1317 est,
516 1238 600 1323 quod
624 1237 739 1301 amoris
754 1237 927 1322 aliquando
950 1257 1012 1301 non
1033 1235 1154 1302 senciat
1176 1235 1332 1316 stimulos,
1355 1257 1411 1302 nec

262 1345 360 1410 eciam
394 1343 645 1429 sapientissimos
679 1342 852 1426 aliquando
895 1342 1027 1426 reliquit
1065 1342 1230 1406 immunes.
1288 1342 1412 1406 Incensi

263 1449 348 1513 enim
370 1448 508 1533 pectoris
530 1452 563 1512 et
584 1447 701 1512 amoris
723 1446 854 1511 inhibiti
877 1468 913 1512 ea
929 1451 1044 1512 natura
1067 1451 1124 1525 est,
1147 1451 1184 1511 ut
1199 1446 1226 1510 si
1242 1447 1313 1531 quis
1336 1468 1409 1530 pro·

164 1595 167 1602 ·
264 1553 453 1638 hibeat(ur),
477 1553 579 1638 magis
595 1552 714 1632 ardeat,
738 1573 817 1636 quos
833 1552 960 1637 quidem
976 1552 1099 1617 aculeos
1116 1552 1231 1616 mentis
1247 1575 1315 1617 mee
1337 1554 1410 1618 sub-

265 1658 427 1742 terfugere
448 1680 580 1743 nequeo.
627 1656 712 1722 Nam
734 1662 770 1722 ut
793 1679 867 1722 vera
889 1656 951 1722 tibi
972 1657 1097 1736 fateor,
1119 1679 1182 1721 non
1207 1679 1275 1722 eam
1298 1680 1317 1722 a
1339 1679 1412 1743 pro·

264 1763 369 1848 posito
393 1763 498 1847 elegi,
530 1767 579 1827 set
609 1784 700 1829 casus
723 1762 998 1828 deditamaudam
1023 1768 1055 1828 et
1079 1763 1161 1847 quod
1185 1785 1268 1828 nunc
1291 1763 1324 1828 iu
1347 1763 1412 1828 dies

265 1869 381 1948 evenit,
404 1891 468 1934 non
490 1869 550 1934 tibi
578 1868 698 1947 tacebo,
723 1870 799 1953 quia
814 1868 876 1934 iam
899 1868 961 1932 mei
977 1869 1079 1932 cordis
1095 1868 1228 1932 alteram
1245 1873 1276 1932 te
1301 1872 1411 1952 reputo

264 1979 399 2058 partem.
435 1972 553 2059 Ipsam,
570 1996 665 2060 quam
680 1996 763 2054 amo,
779 1973 901 2039 Venere
920 1973 1134 2038 venustiorem
1150 1971 1268 2036 credas.
1299 1969 1412 2037 'Pectus

263 2079 366 2144 adhuc
389 2081 474 2144 inter
498 2101 554 2144 nos
571 2101 659 2144 amor
682 2087 739 2159 est,
764 2102 857 2164 quam
871 2079 1030 2164 divulgari
1055 2077 1261 2163 quovismodo
1283 2077 1410 2144 nollem.

265 2183 343 2249 Levi
367 2184 451 2250 enim
473 2185 558 2249 flexu
580 2185 744 2251 oculorum
762 2206 899 2250 arnonem
923 2185 955 2248 in
979 2207 1030 2248 me
1046 2184 1270 2250 dormitantem
1295 2185 1411 2248 excitat

264 2296 296 2355 et
319 2297 386 2356 tam
409 2291 587 2356 vehementi
611 2291 733 2375 impetu
756 2312 806 2355 me
833 2291 957 2375 agitare
981 2289 1155 2367 consuevit,
1178 2294 1215 2354 ut
1242 2290 1357 2354 merito
1383 2288 1412 2354 ei

262 2397 346 2462 vices
368 2395 495 2460 reddam
518 2397 643 2460 amoris
689 2395 766 2470 Quis
789 2395 872 2460 enim
897 2400 961 2460 tam
984 2415 1096 2460 saxeus
1119 2416 1184 2458 esse
1214 2395 1336 2478 potest,
1360 2396 1413 2481 qui

264 2523 328 2566 non
351 2505 436 2566 amet
457 2506 590 2566 amatus.
638 2499 789 2565 Ornatior
819 2523 956 2585 namque
982 2501 1014 2564 in
1047 2500 1112 2564 dies
1134 2500 1316 2584 conspectui
1342 2522 1409 2564 meo

263 2607 416 2685 redditur,
439 2607 544 2670 itaut
567 2606 687 2672 nullam
711 2607 788 2672 meis
810 2606 961 2672 membris
977 2607 1116 2691 quietem
1140 2607 1206 2670 eius
1230 2605 1406 2688 placidissi-

262 2734 333 2777 mus
355 2717 478 2795 prestet
492 2713 607 2791 cultus,
630 2713 713 2777 unde
733 2734 841 2778 sensus
866 2714 947 2791 ebet,
971 2713 1135 2795 appetitus
1149 2733 1224 2776 vero
1240 2711 1409 2795 aliquando

263 2818 427 2900 obtorpet,
460 2818 565 2882 sencio
593 2818 688 2883 aliam
712 2841 818 2884 amare
841 2841 892 2884 me
915 2840 977 2882 non
1010 2839 1111 2902 posse.
1158 2816 1327 2882 Consuevit
1349 2818 1411 2882 iam

266 2923 390 2986 animus
414 2921 502 2986 illam
526 2922 690 2999 adamare,
724 2927 931 2988 assueverunt
961 2927 993 2986 et
1016 2922 1101 2987 oculi
1125 2923 1214 2986 illam
1237 2923 1356 2987 intueri
1379 2930 1411 2988 et

264 3028 413 3112 quicquid
438 3048 500 3090 non
524 3027 581 3089 illa
604 3032 663 3105 est,
679 3026 859 3092 inamenum
885 3032 917 3092 et
943 3028 1144 3094 tenebrosum
1169 3031 1273 3092 totum
1298 3029 1413 3106 iudico,

263 3155 370 3199 omnes
393 3131 477 3196 enim
500 3133 597 3196 animi
615 3132 754 3215 laqueos,
778 3132 969 3218 ubicumque
995 3132 1094 3214 luero,
1119 3155 1241 3198 mecum
1265 3135 1358 3199 traho
1382 3140 1414 3199 01

264 3259 439 3324 quocumqe
459 3258 510 3301 me
524 3242 624 3316 verto,
646 3238 771 3302 vultum
794 3239 861 3302 eius
882 3259 916 3302 ec
932 3239 1030 3303 verba
1052 3239 1268 3323 contemplare
1282 3240 1412 3325 incipio,

264 3343 344 3408 etsi
368 3342 556 3426 quandoque
579 3363 757 3426 repugnare
780 3344 862 3420 1010,
887 3344 976 3408 uncis
998 3348 1106 3408 tamen
1131 3346 1338 3410 tenacissimis
1361 3368 1410 3410 re·

264 3449 384 3526 trahor,
408 3447 491 3510 unde
513 3447 631 3511 malum
657 3469 761 3512 meum
784 3448 1002 3532 undecumque
1018 3449 1217 3516 circumfero.
1264 3450 1300 3514 lu
1317 3456 1409 3516 tanta

263 3556 364 3640 igitur
387 3559 575 3639 tempestate
592 3555 801 3638 procellarum
827 3556 1028 3636 constitutus
1053 3556 1128 3640 quid
1146 3555 1261 3620 faciam
1283 3557 1408 3642 ignoro,

264 3660 399 3726 confisus
422 3664 527 3724 tamen
544 3659 582 3724 de
605 3665 637 3725 te
654 3666 814 3744 tamquam
831 3663 1062 3745 expertissimo,
1087 3684 1180 3746 quem
1193 3667 1224 3726 et
1240 3663 1410 3746 aliquando

263 3765 296 3828 in
320 3764 536 3828 consimilibus
560 3765 712 3830 militasse
735 3765 834 3845 sci0⁹‚
858 3767 1032 3832 remedium
1055 3766 1182 3832 salubre
1204 3768 1335 3849 flegit03
1360 3791 1410 3834 sa·

829 3871 846 3908 a

335 3954 445 4009 lOben
464 3973 505 4009 nr.
525 3957 549 4008 7.
600 3957 676 4010 Auch
703 3958 748 4012 ffir
773 3957 823 4011 das
843 3957 972 4026 folgende
999 3957 1036 4010 ist
1055 3955 1132 4011 Enea
1152 3954 1252 4014 Silvios
1278 3959 1415 4014 liebesno-

263 4046 335 4098 10110
362 4061 417 4099 von
444 4043 574 4098 Eurialus
593 4045 650 4098 und
675 4045 818 4110 Lucretia,
852 4045 963 4114 speciell
992 4044 1037 4098 die
1056 4044 1120 4099 rede
1151 4047 1198 4101 des
1219 4045 1346 4100 Eurialus
1374 4063 1410 4100 an

263 4131 408 4196 Pardalus,
430 4131 565 4186 teilweiee
584 4132 711 4186 wortlich
733 4133 855 4189 benutzt.
892 4130 1002 4187 Ebenso
1030 4133 1080 4187 der
1097 4131 1194 4202 dialog
1212 4133 1259 4188 des
1278 4133 1412 4190 Petrarca

263 4221 282 4275 l.
301 4237 321 4275 s.
340 4237 363 4274 c
381 4220 451 4289 Opp.
470 4218 568 4274 40411.
660 4221 676 4274 2
695 4219 914 4290 120001111030
934 4220 964 4274 in
984 4237 1063 4275 verso
1081 4221 1169 4276 findet
1187 4220 1245 4274 sich
1264 4222 1310 4276 ein
1329 4221 1415 4278 brief·

262 4309 379 4378 concept
400 4307 575 4370 Hermanns,
594 4306 719 4362 offenbar
743 4308 880 4364 ebenfalle
904 4326 942 4364 an
961 4307 1095 4362 Wilhelm
1128 4325 1181 4364 von
1198 4308 1364 4372 Reichenan,
1383 4310 1414 4364 in

263 4396 326 4450 dem
345 4412 372 4448 ee
391 4394 491 4449 heisst:
514 4393 629 4448 »Scribis
650 4394 759 4460 deinde,
773 4400 801 4450 te
813 4396 852 4449 ab
865 4413 907 4460 ea,
925 4413 1010 4465 qua-m
1024 4396 1177 4464 aliquando
1190 4394 1270 4450 unice
1282 4395 1415 4462 dilexisti,

263 4483 390 4536 delusum
410 4499 474 4546 esse,
494 4481 633 4536 adiunctis
650 4481 724 4552 alijs,
743 4481 825 4537 sicuti
838 4502 897 4539 mos
917 4485 958 4537 est
971 4484 1083 4550 talium,
1103 4485 1131 4536 te
1144 4486 1174 4536 ut
1194 4484 1281 4536 credis
1300 4485 1336 4537 ab
1349 4485 1413 4554 ipsa
