3092 5244
675 460 737 527 117

130 638 245 702 astuta.
293 634 330 701 In
354 636 471 702 eisdem
494 636 573 702 locis
597 635 663 701 bibi
686 636 724 701 de
748 635 841 722 ydria
866 637 1055 722 cupiditatis
1079 635 1287 715 Samaritam,

129 745 163 806 et
186 742 329 806 osculata
351 746 399 808 est
423 763 472 806 me
495 742 621 808 domins
643 741 842 818 ambicionis,
881 747 914 807 et
938 741 1041 808 lactus
1064 741 1112 808 fui
1134 741 1168 806 in
1191 740 1286 806 bene-

128 847 211 930 ficijs
226 847 371 931 pluralis.
417 845 559 912 Tandem
575 851 740 931 tamquam
762 846 882 928 Aaron,
907 869 945 913 ex
960 848 1164 932 promotione
1180 851 1287 913 tamen

128 1057 192 1122 lem
215 1057 250 1122 iu
277 1057 451 1140 Dillingeu.
498 1057 540 1122 Et
563 1057 646 1122 dixi:
689 1055 800 1123 »Unde
824 1057 922 1123 michi
955 1059 1024 1137 hoc,
1056 1058 1139 1143 quod
1162 1061 1286 1122 tautam

128 1163 270 1244 graciam
295 1163 402 1228 inveni
426 1164 459 1228 in
482 1162 582 1228 oculis
606 1161 797 1228 collatorum
823 1167 855 1228 et
875 1162 1128 1228 reverendissimi
1150 1161 1286 1246 presulis

129 1266 385 1350 degustarent«
435 1266 522 1333 Inibi
556 1289 614 1351 per
647 1267 824 1332 multorum
858 1289 1014 1332 annorum
1049 1268 1155 1352 spacia
1189 1266 1285 1331 habui

128 1371 232 1437 multa
255 1373 452 1459 iocundaque
475 1373 614 1453 solacia,
644 1379 762 1457 puteus
786 1395 837 1438 me
862 1394 956 1457 posse
978 1377 1106 1439 cantare
1128 1373 1284 1439 cauticum

128 1479 250 1544 domiui
274 1479 306 1543 in
330 1484 417 1545 terra
438 1479 543 1545 aliena
558 1482 591 1542 et
608 1478 755 1543 nucleum
780 1479 871 1544 edere
886 1479 1005 1564 absque
1022 1478 1112 1543 nucis
1127 1477 1285 1543 fraccione

127 1605 164 1648 ac
187 1582 344 1648 athletam
367 1583 437 1650 siue
458 1583 625 1650 sudoribus
648 1584 804 1649 coronari.
852 1581 932 1648 Cum
957 1588 1064 1649 autem
1089 1583 1209 1648 oculari
1232 1582 1283 1648 iu·

128 1689 217 1754 tuitu
241 1710 401 1754 cernerem
423 1693 455 1754 et
477 1689 765 1754 animadverterem
787 1688 902 1754 faciem
926 1709 1089 1774 rugosam,
1113 1692 1209 1774 caput
1232 1711 1283 1755 ca·

128 1815 219 1873 num,
243 1794 415 1860 luminaria
439 1794 623 1861 intellectus
639 1795 792 1879 eclipsata
814 1799 847 1860 et
863 1795 997 1859 rationis
1010 1794 1136 1860 oculum
1159 1793 1284 1878 lippum

125 1903 159 1963 et
185 1921 237 1964 me
258 1900 293 1963 in
315 1920 446 1984 vespera
466 1900 531 1966 vite
557 1901 770 1966 constitutum
787 1921 823 1966 ac
839 1899 1029 1984 preteritum
1044 1904 1170 1983 tempus
1193 1921 1284 1983 pror-

125 2027 181 2069 sus
206 2005 377 2088 perditum,
400 2007 550 2090 obstupui
573 2006 608 2072 in
633 2006 749 2072 talium
773 2027 879 2072 rerum
905 2011 938 2072 et
959 2004 1119 2071 factorum
1142 2004 1284 2069 couside-

126 2111 256 2176 racioue
288 2115 320 2175 et
342 2111 505 2176 conferens
536 2111 573 2176 de
597 2111 659 2195 hijs
692 2112 725 2176 iu
749 2112 842 2177 corde
875 2133 944 2177 meo
968 2110 1087 2175 invasit
1109 2132 1159 2175 me
1183 2109 1286 2176 multa

125 2215 267 2280 tristicia
290 2219 323 2281 et
337 2216 508 2281 continuus
523 2216 614 2281 dolor
636 2217 700 2282 fuit
715 2217 803 2282 cordi
819 2238 889 2282 meo
908 2269 916 2284 .
935 2267 941 2280 .
963 2267 969 2280 .
996 2214 1035 2302 [f.
1048 2216 1127 2300 246]
1152 2215 1194 2280 Ec
1209 2216 1283 2280 dum

125 2320 173 2384 sic
197 2320 360 2386 acerrimis
375 2320 515 2385 stimulis
529 2319 666 2400 foderer,
689 2321 924 2386 consolabatur
939 2342 989 2386 me
1005 2321 1115 2385 beatus
1130 2317 1285 2384 Ysidorus

125 2427 160 2490 in
186 2424 271 2490 libro
293 2425 532 2510 synonimorum
554 2428 601 2491 ita
622 2426 786 2511 iuquiens:
828 2425 970 2506 »Homo,
993 2447 1050 2490 cur
1072 2427 1198 2489 tantum
1221 2423 1284 2488 dif-

125 2530 200 2596 fidis
218 2556 431 2596 .........
468 2535 642 2616 petensque
665 2531 706 2596 ab
737 2552 774 2596 eo
798 2529 980 2610 humiliter,
1015 2536 1051 2595 ut
1084 2528 1205 2594 calculo
1235 2531 1284 2595 sui

125 2636 245 2702 amoris
268 2636 439 2701 luminaria
462 2638 524 2702 mei
547 2636 730 2702 intellectus
760 2636 879 2701 dudum
911 2636 1063 2720 eclipsata
1100 2635 1285 2717 cognicioue

125 2740 310 2806 divinarum
346 2741 619 2824 humanarumque
650 2763 756 2805 rerum
780 2739 956 2819 illuminet,
989 2738 1116 2805 oculum
1147 2739 1284 2804 racionis

124 2847 253 2930 lippum
277 2852 367 2912 sanet
395 2852 428 2912 et
461 2847 632 2912 senectutis
663 2868 732 2912 mee
758 2845 1017 2911 debilitaciouem
1042 2843 1215 2921 fortificet,
1247 2867 1284 2910 ac

124 2953 271 3036 linguam
296 2974 407 3032 meam,
431 2957 468 3018 ut
484 2953 523 3018 de
540 2955 647 3019 cetero
669 2952 792 3016 valeam
810 2973 899 3016 suam
921 2949 1046 3016 leudem
1062 2951 1283 3031 aununcciare,

125 3057 282 3122 rectificct
294 3107 473 3124 .........
487 3055 525 3144 [f.
542 3057 631 3142 246⁵]
647 3057 726 3122 Ecce
738 3056 861 3140 optime
876 3056 987 3135 frater,
1001 3055 1187 3141 germanior
1203 3055 1282 3120 mihi

125 3165 162 3228 in
185 3163 246 3228 hac
269 3163 384 3228 rebec
407 3165 627 3248 suprascripta
659 3185 716 3247 per
745 3161 934 3246 allegoriam
964 3162 1163 3241 dictasunt,
1189 3161 1284 3226 litera

126 3290 227 3334 unum
249 3273 357 3347 sonat,
390 3269 444 3334 sed
467 3270 619 3353 spiritus,
643 3271 674 3334 id
699 3273 746 3334 est
768 3269 948 3352 spiritualis
982 3267 1173 3347 intellectus,
1197 3267 1283 3332 aliud

125 3373 301 3457 pretendit.
345 3372 461 3438 Nonne
478 3374 556 3440 hora
572 3375 636 3439 iam
660 3375 721 3438 tibi
737 3379 827 3438 sexta
848 3379 895 3438 est
919 3377 951 3438 et
966 3377 1031 3438 stae
1048 3377 1118 3438 tota
1133 3373 1183 3438 die
1198 3374 1283 3438 ocio·

125 3499 190 3556 suS,
214 3500 285 3542 cum
304 3479 342 3542 ad
359 3479 555 3562 operandum
573 3480 718 3544 dominus
742 3479 775 3544 iu
798 3479 923 3543 vineam
947 3500 1037 3543 suam
1059 3482 1092 3542 te
1115 3478 1283 3542 invitavit?

128 3582 345 3650 ....Oeium
369 3585 451 3650 enim
478 3585 545 3649 siue
567 3583 680 3664 literis,
704 3583 872 3649 Jeronimo
895 3586 1043 3663 testante,
1068 3603 1151 3646 mors
1180 3586 1227 3646 est
1251 3588 1282 3648 et

127 3689 193 3753 vivi
216 3687 354 3753 hominis
370 3690 543 3772 sepultura.
580 3689 652 3756 Nou
673 3694 705 3755 te
720 3689 875 3773 decipiat:
903 3710 999 3770 seras,
1024 3709 1110 3753 cras«
1137 3709 1196 3752 vor
1213 3708 1282 3753 cor-

129 3794 213 3873 vina,
237 3816 299 3878 que
321 3817 378 3860 nec
400 3799 448 3860 est
470 3797 528 3861 deo
551 3817 608 3860 nec
629 3796 811 3861 hominibus
835 3799 938 3880 grata,
964 3795 1047 3881 quia,
1071 3797 1107 3857 ut
1130 3794 1283 3859 vociferat

129 3901 245 3965 Petrus
261 3899 420 3965 Bleseneis
441 3901 575 3984 epistola
601 3900 673 3965 ciii:
710 3890 879 3965 »Extrema
895 3899 1021 3965 insania
1036 3904 1093 3979 eat,
1115 3898 1281 3983 negocium

127 4007 233 4070 anime
256 4006 288 4070 iu
313 4007 509 4072 necessitatis
525 4005 653 4071 differre
668 4007 858 4086 articulum,
882 4029 922 4070 ne
944 4005 1024 4071 false
1051 4004 1282 4087 expectacionis

128 4112 264 4176 obtentu
287 4131 356 4174 sero
380 4111 536 4194 penitenti
570 4112 622 4177 via
643 4113 788 4177 tonitruo
821 4112 926 4176 divine
957 4109 1188 4194 indignacionis
1211 4131 1282 4193 pre·

128 4217 305 4281 cludatur«
353 4214 387 4279 Si
403 4215 495 4281 dicis:
525 4218 702 4303 »benignus
716 4223 764 4282 est
786 4217 932 4283 dominus
957 4222 988 4281 et
1011 4215 1202 4294 misericors,
1226 4215 1282 4299 qui

699 4357 716 4394 ὅ

198 4457 326 4514 lGessel
349 4459 450 4522 selbot,
480 4475 560 4514 weuu
589 4459 633 4516 ich
662 4459 707 4516 die
736 4459 817 4516 atelle
843 4462 931 4514 unten
959 4477 979 4514 s.
1001 4458 1050 4515 130
1078 4474 1152 4514 anm.
1173 4460 1189 4513 2
1208 4459 1279 4514 riclu-

127 4546 169 4616 tig
187 4547 279 4602 deute.
