3106 5246
813 463 876 528 140

272 639 391 724 scripto
415 640 452 704 ad
476 644 611 704 mentem
636 644 785 720 revocet,
819 639 1010 722 resipiscunt
1041 639 1270 725 quodammodo
1294 643 1326 704 et
1349 645 1428 704 tunc

274 746 414 828 primum
431 745 689 809 animadvertunt
711 767 778 809 sese
816 767 872 830 per
895 746 1043 831 angustia
1058 745 1099 810 ab
1113 749 1200 811 recta
1217 746 1351 811 rationis
1374 747 1428 810 via

273 849 423 914 deviasse.
469 847 590 914 Idcirco
615 848 642 912 si
674 854 760 914 recte
793 849 970 927 considero,
1000 870 1085 914 mors
1107 850 1198 934 gnati
1221 851 1269 915 tui
1292 873 1352 916 nec
1376 851 1426 917 lu-

271 955 392 1039 gendus
415 957 470 1018 aut
493 974 569 1036 egre
593 952 740 1018 ferendus
757 957 812 1017 est.
865 952 918 1037 Hij
937 954 1020 1018 enim
1042 955 1178 1018 maxime
1194 953 1323 1038 lugendi
1339 961 1430 1036 sunt,

271 1059 316 1143 hij
342 1059 431 1142 digni
458 1058 598 1124 lacrimis
626 1063 658 1123 et
681 1059 828 1141 planctu,
873 1058 927 1142 qui
951 1058 1018 1122 sine
1040 1059 1186 1138 nomine,
1216 1061 1283 1124 sine
1305 1061 1431 1125 virtute

274 1162 390 1247 aliqua,
417 1163 485 1228 sine
509 1184 706 1248 quocumque
729 1163 822 1227 liberi
861 1162 1000 1227 hominis
1026 1164 1180 1228 exercicio
1209 1164 1347 1230 humiles
1370 1167 1429 1230 ab·

271 1267 408 1352 iectique
432 1267 621 1333 moriuntur.
670 1271 729 1332 Ast
751 1269 777 1332 si
817 1290 909 1353 quem
934 1269 1062 1349 virtute,
1085 1270 1253 1354 gravitate,
1276 1275 1430 1334 constan-

272 1373 330 1451 cia,
355 1372 575 1457 magnitudine
608 1374 725 1452 animi,
762 1372 917 1438 felicitate
944 1374 1104 1457 preditum
1137 1375 1176 1439 ad
1199 1396 1231 1438 se
1253 1375 1330 1439 deus
1352 1397 1430 1440 evo·

272 1476 406 1557 caverit,
439 1478 613 1543 cuiusmodi
637 1479 738 1542 filium
771 1483 862 1543 tuum
886 1501 994 1544 onmes
1017 1499 1080 1544 uno
1103 1500 1158 1544 ore
1180 1479 1339 1559 fatentur,
1364 1503 1431 1545 uon

271 1581 438 1647 dolendum
475 1584 567 1648 modo
596 1588 645 1647 set
676 1606 714 1648 ne
745 1584 917 1666 suspirium
951 1584 1079 1669 quidem
1111 1585 1320 1650 emittendum
1344 1606 1429 1649 reor.

271 1684 356 1750 Nam
378 1708 435 1771 per
446 1687 537 1752 deum
558 1689 779 1767 immortalem,
796 1688 872 1773 quid
884 1711 993 1754 sumus
1008 1689 1040 1753 in
1058 1689 1117 1754 hoc
1133 1689 1275 1754 mundo?
1309 1687 1431 1753 Nonne

273 1790 422 1870 videmus,
440 1814 533 1877 quem
550 1793 680 1873 incerta,
704 1816 798 1877 quam
825 1795 949 1874 caduca,
974 1817 1069 1880 quam
1093 1795 1222 1877 fragilia
1244 1794 1352 1860 omnia
1368 1795 1431 1858 sub

271 1895 359 1960 sole?
396 1894 508 1961 Virtus
529 1920 592 1962 una
615 1903 661 1963 est
683 1899 847 1964 altissimis
872 1899 974 1964 defixa
999 1898 1167 1978 radicibus,
1191 1921 1252 1983 que
1275 1919 1334 1964 nec
1357 1921 1428 1964 mo·

271 2001 338 2066 veri
361 2001 430 2067 loco
452 2023 508 2067 nec
543 2002 726 2068 labefactari
762 2008 877 2086 potest.
939 2001 1022 2068 Nem
1054 2003 1093 2067 ad
1120 2004 1221 2068 vitam
1252 2002 1430 2068 feliciorem

271 2106 550 2193 iocundioremque
573 2113 702 2187 statum,
726 2113 758 2174 et
782 2109 864 2193 quod
897 2109 997 2173 maius
1021 2111 1089 2188 est,
1113 2112 1256 2172 eternum
1278 2130 1338 2191 pro
1362 2110 1432 2173 suis

272 2212 394 2275 meritis
416 2212 570 2278 divinitus
593 2214 739 2278 evolavit.
775 2213 864 2290 Quod
887 2215 914 2278 si
946 2213 1188 2280 commemorari
1204 2213 1332 2278 voluero
1355 2214 1429 2280 lau·

272 2314 391 2379 debilia
413 2320 553 2381 veterum
576 2323 674 2400 gesta,
698 2321 866 2401 presertim
895 2319 1098 2405 Anaxagora,
1131 2317 1279 2398 Socratis,
1304 2319 1348 2384 M.
1365 2319 1428 2384 Ca·

271 2421 356 2484 tonis
379 2426 449 2501 etc,
473 2423 528 2506 qui
551 2424 701 2506 quoniam
716 2446 847 2489 snorum
862 2429 1033 2508 gnatorum
1050 2429 1186 2490 mortem
1221 2446 1302 2511 equo
1318 2425 1429 2490 animo

272 2525 425 2604 tulerunt,
449 2526 591 2592 mirificis
614 2529 654 2593 ab
677 2530 823 2594 omnibus
850 2529 995 2594 laudibus
1031 2528 1239 2608 extolluntur,
1262 2532 1294 2594 et
1317 2534 1428 2593 tamen

271 2652 379 2695 omnes
402 2632 598 2718 gentilitatis
630 2657 736 2700 errore
767 2635 854 2701 ducti
877 2655 935 2700 nec
968 2633 1063 2714 aliam
1087 2633 1225 2700 melioris
1250 2635 1313 2698 vite
1337 2656 1427 2717 spem

272 2736 396 2800 firmam
420 2737 578 2804 habebant
602 2761 659 2805 nec
681 2746 758 2806 tunc
781 2740 936 2824 temporis
967 2745 1099 2823 propter
1122 2739 1344 2804 infidelitatem
1368 2739 1428 2804 ha·

272 2841 345 2905 bere
367 2846 526 2926 poterant.
572 2842 631 2910 Sed
654 2847 730 2929 quid
754 2845 848 2911 hosce
871 2866 983 2930 graves
1016 2845 1101 2909 viros
1124 2848 1328 2928 maturosque
1350 2844 1427 2928 phi-

271 2946 420 3031 losophos
435 2949 546 3031 recito,
570 2972 640 3015 cum
654 2957 732 3036 aput
752 2956 879 3016 nostras
899 2971 1003 3014 sacras
1031 2950 1140 3014 literae
1157 2947 1300 3013 Machab.
1317 2949 1376 3014 lib.
1394 2951 1427 3014 2⁰

272 3063 311 3118 c.⁰
327 3053 359 3117 7⁰
374 3054 560 3120 muliercula
579 3058 712 3142 quedam
737 3057 851 3142 pudori
874 3057 967 3121 nobis
994 3055 1141 3133 maxime,
1167 3054 1233 3118 sive
1256 3057 1294 3118 ut
1317 3054 1426 3119 verius

271 3158 394 3242 loquar,
418 3161 594 3226 confusioni
627 3165 736 3246 detur,
770 3185 830 3247 que
854 3183 925 3226 cum
949 3161 993 3225 vii
1018 3161 1160 3225 filiorum
1183 3181 1312 3224 suorum
1336 3182 1426 3225 acer-

272 3264 435 3330 bissimam
458 3288 564 3332 necem
586 3291 605 3333 a
626 3269 792 3333 teterrimo
816 3267 950 3352 quodam
991 3285 1066 3346 rege
1089 3286 1217 3349 presens
1239 3265 1426 3348 aspexisset,

272 3371 530 3438 constantissimo
553 3393 676 3458 semper
698 3374 804 3437 animo
829 3389 1018 3456 permanens
1044 3391 1083 3433 ne
1106 3369 1270 3434 minimam
1295 3371 1425 3455 quidem

271 3477 435 3542 lacrimam
460 3477 565 3542 emisit
595 3484 650 3543 aut
683 3477 836 3543 tristioris
867 3473 984 3540 mentis
1024 3473 1149 3558 signum
1173 3472 1301 3558 aliquod
1325 3475 1424 3540 dedit.

274 3631 605 3651 ..............
633 3582 767 3667 Respice
798 3582 995 3647 celeritatem
1035 3578 1227 3661 rapidissimi
1258 3581 1423 3663 temporis,

272 3682 379 3765 cogita
403 3681 590 3746 brevitatem
616 3681 710 3745 huius
733 3681 859 3762 mundi,
890 3705 948 3768 per
972 3705 1068 3769 quem
1094 3683 1297 3748 usitatissime
1320 3685 1422 3748 curri·

272 3808 350 3850 mus.
396 3785 535 3850 Observa
557 3787 642 3850 hunc
666 3788 850 3852 comitatum
874 3789 1005 3853 humani
1035 3789 1180 3873 generis,
1211 3789 1320 3853 eodem
1351 3794 1422 3854 ten-

272 3893 408 3970 dentem,
433 3891 572 3954 minimie
596 3892 773 3956 intervallis
798 3895 984 3960 distinctum
1011 3895 1108 3959 eciam
1134 3895 1188 3958 ubi
1214 3895 1353 3958 maxima
1375 3896 1422 3960 vi·

271 3996 394 4062 dentur.
441 3994 513 4058 Stat
535 3995 662 4078 quidem
686 3998 839 4061 terminus
863 4000 969 4078 nobis,
1013 4000 1068 4062 ubi
1101 3998 1192 4064 illum
1217 3999 1422 4064 inexorabilis

271 4099 409 4164 latorum
435 4100 603 4164 necessitas
627 4101 713 4181 fixit,
737 4107 785 4165 set
808 4125 901 4168 nemo
926 4105 986 4168 scit
1010 4110 1170 4180 nostrum,
1202 4125 1304 4189 quam·
1321 4126 1421 4188 prope

271 4212 413 4270 versetur
436 4206 599 4269 terminus.
654 4204 706 4270 Sic
729 4208 836 4292 itaque
867 4209 1037 4274 formemus
1059 4210 1221 4287 animum,
1256 4213 1420 4294 tamquam

271 4312 309 4374 ad
333 4315 474 4373 extrema
495 4316 625 4375 ventum
648 4313 699 4375 sit.
746 4311 802 4376 Nil
819 4313 1010 4393 differamus,
1034 4315 1165 4379 cottidie
1181 4335 1255 4380 cum
1279 4316 1348 4380 vita
1369 4337 1419 4378 ra·

271 4415 391 4479 cionem
416 4415 566 4481 faciamus
590 4423 621 4480 et
645 4418 782 4482 ludibria
808 4417 901 4483 huius
918 4419 1014 4485 seculi
1031 4419 1249 4503 despiciamus,
1273 4441 1335 4503 que
1350 4441 1418 4485 cum

273 4542 361 4600 vane,
384 4542 483 4586 vacua
506 4543 541 4585 ac
563 4528 781 4586 momentanea
805 4524 866 4588 tibi
890 4525 956 4588 visa
978 4525 1163 4610 fuerunt(l),
1186 4526 1224 4588 ad
1256 4523 1418 4590 meliorem
