3106 5246
698 471 762 542 203

154 669 222 712 mee
238 645 339 711 felicis
355 644 586 711 recordacionis
600 644 724 709 cuidam
743 643 846 708 vicino
860 643 988 708 domino
1004 641 1306 731 nominedo[annes]

154 751 369 836 Grunvvaldyr
390 772 544 816 consensu
573 751 687 834 patris,
711 771 781 814 meo
803 770 840 814 ac
862 753 1039 815 ceterorum
1058 749 1308 832 consanguineo.-

154 879 223 922 rum
248 856 454 939 desponsavi,
485 857 533 920 uti
563 854 692 939 scriptis
715 853 821 938 Georij
855 854 1049 920 intellexisse
1084 876 1139 920 vos
1162 854 1306 939 plenarie

153 961 232 1026 haut
255 961 376 1037 dubito,
399 961 450 1025 die
472 960 547 1024 lune
573 959 638 1024 xvi⁰
654 958 793 1023 octobris
816 959 885 1043 ipso
909 959 959 1023 die
979 960 1043 1024 divi
1058 958 1143 1024 Galli
1164 959 1307 1042 proxime

153 1065 285 1149 nupcias
307 1065 534 1130 celebraturus,
585 1063 664 1128 Cum
676 1065 711 1148 (1)
727 1069 831 1129 autem
856 1064 888 1128 in
913 1064 1094 1130 huiusmodi
1117 1064 1306 1148 nupciarum

152 1168 352 1254 sollempnijs
374 1170 537 1253 presencia
565 1169 755 1234 amicissime
779 1193 913 1254 persone
927 1176 1031 1236 vestre
1050 1171 1181 1238 honoris
1204 1171 1306 1254 pluri-

155 1297 242 1340 mum
267 1280 299 1340 et
322 1274 443 1340 decoris
465 1274 557 1339 nobis
580 1274 728 1338 omnibus
751 1274 890 1339 allatura
909 1275 961 1355 sit,
984 1297 1076 1341 nemo
1093 1279 1140 1340 cst
1157 1273 1212 1358 qui
1236 1295 1306 1338 nes·

152 1381 225 1445 ciat.
284 1380 329 1444 sa
360 1384 493 1462 propter
528 1380 682 1446 maiorem
713 1380 747 1444 in
779 1381 907 1445 modum
929 1381 1047 1446 iterum
1070 1386 1167 1466 atque
1189 1381 1307 1444 iterum

153 1507 242 1570 rogo,
266 1489 422 1570 quatenus
451 1507 511 1568 pro
542 1490 646 1550 vestra
672 1486 705 1550 in
730 1508 778 1550 me
803 1486 1034 1566 benevolencia,
1057 1507 1115 1570 pro
1137 1505 1207 1550 meo
1229 1485 1307 1550 item

152 1591 185 1654 in
207 1611 263 1655 vos
295 1612 421 1670 amore,
461 1591 566 1657 studio
596 1597 628 1656 et
651 1592 856 1656 observancia
879 1592 964 1656 hunc
991 1593 1094 1674 ipsum
1118 1590 1304 1673 nupciarum

152 1696 233 1760 diem
258 1695 482 1760 iocundissima
514 1700 618 1760 vestra
642 1697 805 1779 presencia
827 1696 975 1762 decorare
990 1718 1053 1761 uon
1079 1695 1229 1761 recusetis
1244 1717 1308 1759 una

151 1822 224 1866 cum
247 1799 428 1866 conthorali
441 1800 462 1880 ¹,
491 1823 586 1884 quam
610 1821 672 1865 non
697 1801 802 1866 minus
826 1824 874 1866 me
897 1802 1004 1866 adesse
1027 1801 1134 1884 cupit,
1158 1803 1252 1884 rogat
1275 1803 1308 1864 et

150 1907 330 1970 obtestetur
354 1905 495 1970 Barbara
516 1905 609 1988 ipsa,
634 1926 697 1970 non
722 1905 886 1970 immemor
917 1906 1053 1991 denique
1075 1905 1234 1988 promissi,
1257 1904 1306 1969 uti

151 2011 260 2089 refert,
283 2008 498 2096 du[du]m(?),
517 2009 696 2074 benivolum
713 2032 768 2075 vos
784 2010 964 2090 adventare,
981 2033 1053 2077 cum
1067 2009 1307 2075 matrimonium

149 2116 247 2181 iniret
269 2119 301 2179 et
324 2116 454 2199 nupcias
485 2115 644 2180 celebrare
667 2118 884 2180 constitueret.
921 2114 994 2181 Paci
1017 2116 1148 2181 verbum
1166 2113 1305 2180 Wilhel-

149 2242 201 2286 mo
214 2219 348 2286 Procacr
361 2218 384 2300 ⁹,
408 2226 444 2284 ut
468 2223 547 2303 aput
576 2225 720 2286 senatum
744 2225 885 2285 vestrum
909 2243 968 2304 pro
985 2243 1139 2286 consensu
1162 2221 1307 2286 laborare

148 2326 236 2391 velit.
296 2325 481 2392 Benivolum
521 2327 599 2390 satis
628 2348 662 2390 se
685 2326 839 2391 exhibuit.
887 2325 1024 2411 Expedit
1056 2326 1154 2392 semel
1177 2347 1232 2390 vos
1255 2327 1306 2392 bic

148 2431 312 2509 constitui,
338 2453 397 2496 nec
420 2432 662 2498 conveniencius
685 2433 748 2500 buc
763 2433 944 2514 adventare,
970 2455 1065 2518 quam
1087 2433 1146 2498 hoc
1162 2437 1306 2516 tempore

148 2537 324 2601 arbitratus
346 2557 430 2616 sum,
455 2542 492 2602 ut
514 2538 540 2601 si
563 2537 669 2603 forsan
693 2539 854 2604 obiectum
878 2541 1039 2624 presencie
1070 2543 1184 2618 vestre,
1209 2560 1304 2623 quam

154 2641 356 2726 magnifacio,
363 2648 509 2710 senatum
523 2666 650 2710 movere
664 2650 771 2728 posset
782 2668 842 2729 pro
858 2646 1065 2712 nanciscendo
1080 2649 1176 2709 statu.
1194 2643 1307 2709 Cetera

154 2747 376 2812 iucundissimo
409 2749 558 2814 adventui
589 2754 694 2815 vestro
727 2771 781 2814 ore
814 2752 853 2816 ad
884 2772 918 2815 cs
950 2751 1143 2834 expedienda
1164 2749 1305 2815 servabo.

154 2852 335 2918 Restitutus
363 2858 411 2918 est
433 2853 567 2920 Georius
590 2856 648 2921 deo
670 2857 748 2921 duce
770 2857 906 2940 pristine
928 2857 1069 2922 sanitati.
1123 2856 1306 2922 Adventum

155 2956 350 3023 conthoralis
373 2959 407 3022 in
431 2960 496 3024 dies
518 2965 737 3044 expectamus,
772 2983 866 3046 quam
890 2963 1001 3047 utique
1023 2964 1061 3028 ad
1084 2967 1210 3047 tempus
1232 2984 1306 3045 pre-

152 3062 257 3130 fatam
281 3063 333 3128 bic
354 3065 594 3132 reservabimus.
634 3063 748 3132 Valete
771 3066 916 3133 feliciter.

627 3245 834 3254 ---—-.—--

695 3383 757 3455 99.

151 3523 331 3597 Benedict
366 3523 566 3616 Elvvanger
610 3545 658 3594 an
701 3522 894 3597 Hermann
935 3525 1101 3600 Schedel.
1176 3529 1305 3601 Erfurt

497 3645 498 3649 ’
581 3644 678 3718 1478
705 3658 808 3718 murz
837 3648 868 3721 l.

466 3780 529 3834 clm.
548 3780 599 3835 224
619 3783 638 3836 f.
659 3783 806 3840 334-335.
844 3784 982 3855 Original.

149 3893 271 3975 llber
300 3905 836 3990 diejungfr'aulichkcit
870 3909 941 3970 des
975 3909 1178 3994 heiligen
1204 3912 1303 3978 Hie·

620 4033 840 4096 ronymus

247 4151 388 4216 Salutem
419 4151 497 4215 dicit
528 4150 712 4233 plurimam.
763 4151 839 4216 Cum
871 4175 973 4237 nuper
1011 4155 1060 4216 vir
1089 4156 1230 4239 plurium
1262 4157 1303 4220 li·

151 4265 289 4324 terarum
333 4263 365 4321 et
409 4257 515 4321 divine
560 4257 720 4342 theologie
760 4259 942 4341 professor,
997 4261 1148 4344 nragistcr
1197 4265 1304 4326 noster

149 4368 181 4428 et
211 4367 379 4447 preceptor
410 4362 489 4425 mihi
527 4363 844 4443 observandissimus,
879 4363 1031 4447 magister
1065 4363 1228 4430 Johanucs
1266 4367 1304 4431 de

220 4535 233 4588 l
254 4535 278 4588 S.
298 4533 369 4589 oben
388 4552 430 4587 nr.
450 4533 492 4588 94.
565 4536 580 4588 2
599 4536 625 4589 S.
645 4479 755 4590 ebonis.
777 4535 848 4592 1902.
