3106 5252
823 463 865 527 60

269 660 320 702 ros
342 638 485 702 amicicie
508 637 659 702 iudicium
688 636 836 720 frequens
861 635 1002 700 suavium
1031 636 1138 701 missio
1155 635 1347 713 litterarum,
1370 637 1422 700 sed

270 743 344 828 quia
366 742 545 807 huiusmodi
569 741 708 806 dictandi
732 741 857 806 litteras
872 740 952 805 mihi
976 741 1091 805 nedum
1120 742 1217 806 affore
1241 741 1349 805 sencio
1373 741 1419 804 fa·

268 848 430 927 cultatem,
454 848 531 912 mihi
555 847 588 912 iu
613 847 673 913 hoc
705 846 929 931 ignoscendum
953 865 1084 926 censeo,
1112 846 1196 930 quod
1219 845 1424 910 reverenciali

269 953 389 1037 pudore
412 953 574 1037 sepissime
597 955 753 1016 retractus
781 971 850 1014 sum
874 954 906 1013 et
930 950 1005 1035 quia
1029 950 1111 1035 quod
1128 950 1215 1014 volui
1239 972 1302 1015 aon
1326 951 1421 1014 valui.

269 1057 464 1142 Scripturire
496 1057 627 1121 interim
649 1056 759 1139 pocius
782 1055 866 1119 volui
884 1076 977 1139 quarn
995 1056 1141 1136 seribere,
1165 1055 1312 1121 neforto
1335 1056 1424 1119 iuxta

268 1161 509 1244 proporcionem
545 1160 641 1223 etatis
673 1161 818 1242 respectu
842 1160 1010 1242 temporis,
1039 1160 1121 1245 qood
1160 1161 1192 1224 in
1216 1160 1424 1225 universitate

269 1265 373 1329 minus
397 1267 521 1330 utiliter
548 1285 643 1350 quam
676 1263 770 1329 debui
793 1267 993 1344 consumavi,
1027 1266 1212 1350 ignorauoie
1234 1269 1291 1330 aut
1314 1266 1422 1349 pueri-

268 1370 370 1433 litatis
401 1391 571 1452 arguerer,
607 1370 682 1452 quia
705 1369 816 1448 audio,
850 1370 883 1432 in
908 1369 1002 1434 ltalia
1025 1377 1189 1453 promotos
1214 1372 1424 1436 communiter
1523 1379 1524 1390 ¹

269 1475 393 1558 pellitis
415 1475 609 1540 carminibus
643 1474 792 1540 delectari
818 1481 849 1538 et
873 1496 934 1539 uon
960 1497 1011 1539 eos
1044 1496 1236 1561 magnopere
1267 1482 1425 1560 reputare,
1524 1503 1525 1506 ¹

268 1581 323 1664 qui
349 1581 468 1665 agresti
496 1581 620 1645 calamo
650 1580 854 1647 rusticanter.
901 1579 969 1646 Heo
985 1587 1017 1645 et
1041 1581 1104 1663 hijs
1126 1581 1244 1646 similia
1268 1582 1300 1645 in
1324 1604 1375 1646 rua
1391 1587 1427 1645 ut

267 1706 330 1748 non
347 1685 529 1765 scriberem,
554 1685 743 1750 eiuscemodi
767 1686 914 1749 timorem
932 1686 1053 1768 pariter
1069 1691 1101 1750 et
1118 1687 1339 1751 verecundiam
1360 1708 1424 1750 uon

268 1790 428 1854 immerito
454 1795 657 1874 pepererunt.
703 1788 930 1854 Verumtamen
954 1790 1044 1869 talis,
1076 1796 1113 1854 ut
1135 1792 1229 1855 credo
1252 1792 1332 1856 bene
1356 1792 1425 1874 pia-

269 1894 342 1958 bilis
374 1895 572 1980 negligencia
607 1894 728 1978 poterit
750 1915 894 1959 successu
919 1895 1071 1978 temporis
1105 1896 1162 1959 deo
1186 1895 1345 1979 largiente
1369 1917 1423 1960 ve-

268 1999 387 2081 geciori
414 2000 447 2063 in
472 2021 522 2064 mc
545 1997 808 2066 convalescente¹
841 2000 970 2085 ingenio
994 2000 1122 2084 scriptis
1146 2000 1422 2085 frequencioribus

269 2108 302 2167 et
326 2103 409 2169 forte
444 2104 651 2188 policioribus
685 2106 890 2188 compensari.
948 2103 995 2170 De
1030 2105 1218 2169 habitudine
1251 2111 1358 2168 autem
1393 2110 1426 2168 et

269 2209 521 2292 circumstancijs
537 2215 640 2274 status
659 2211 719 2275 mei
737 2216 769 2274 et
783 2231 917 2293 persone
940 2209 1095 2274 altissimo
1111 2214 1219 2292 grates
1236 2229 1305 2292 ago.
1340 2207 1426 2273 Nam

269 2313 420 2398 sospitate
452 2315 593 2398 corporis
624 2335 761 2398 superno
785 2337 914 2378 munere
937 2315 1047 2400 vigeo,
1075 2314 1200 2379 utinam
1236 2315 1274 2379 sd
1297 2313 1424 2378 laudem

268 2419 367 2502 ipsius
390 2418 454 2498 diu,
478 2422 511 2482 et
532 2440 659 2500 operam
683 2420 801 2484 arcium
826 2420 964 2503 inpendo
995 2420 1119 2498 studio,
1143 2424 1179 2483 ιιι
1202 2419 1314 2483 estimo
1338 2439 1425 2483 com·

270 2529 439 2608 petentem.
487 2523 559 2589 Non
586 2530 691 2588 taruco
716 2525 768 2590 hio
792 2526 952 2610 propriam
977 2523 1127 2608 congruit
1150 2523 1263 2588 cudere
1285 2522 1424 2602 laudem,

269 2629 407 2694 neforto
422 2651 492 2694 cum
510 2631 659 2694 dedecore
676 2631 782 2695 ridear
797 2651 957 2714 arrogare.
993 2629 1052 2694 Sed
1070 2627 1110 2693 N.
1123 2626 1147 2708 ¹,
1171 2650 1266 2712 quem
1283 2632 1318 2692 ut
1330 2628 1427 2692 audio

269 2734 452 2819 aliqualiter
476 2735 616 2814 noscitis,
641 2735 696 2820 qui
718 2736 858 2820 longob)
890 2735 955 2800 fuit
979 2741 1121 2818 tempore
1153 2733 1231 2797 mihi
1254 2731 1428 2797 affecoioue

269 2840 459 2903 amicissima
482 2840 653 2904 inclinatus
676 2843 709 2903 et
731 2839 820 2904 vobis
845 2839 964 2904 dudum
978 2839 1116 2903 scribere
1133 2838 1309 2922 proposuit,
1333 2839 1425 2902 ouius

269 2944 369 3008 eciam
393 2944 635 3021 dirccoiouibus,
659 2965 737 3028 quas
753 2965 830 3028 erga
853 2966 903 3008 me
926 2966 1050 3029 semper
1072 2942 1342 3008 favorabilissima
1367 2943 1425 3008 ha-

269 3048 339 3112 buit
362 3048 593 3129 sollicitudine,
617 3071 713 3132 pareo
735 3048 925 3132 diligenter,
955 3049 1043 3113 vobis
1067 3049 1164 3114 eciam
1188 3069 1258 3112 curn
1283 3048 1427 3132 presenti

268 3153 412 3232 nunccio,
430 3158 466 3216 ut
482 3153 604 3231 estimo,
621 3175 717 3238 super
733 3152 806 3236 hijs,
822 3158 858 3216 ut
874 3153 1014 3235 poscitis,
1031 3153 1181 3236 quiddam
1196 3151 1333 3235 scripsit.
1367 3150 1428 3217 Cui

269 3258 367 3322 eciam
391 3258 562 3342 aliquando
593 3279 645 3322 me
671 3257 923 3324 recommendare
947 3257 1123 3340 dignemini
1147 3257 1275 3340 scriptis
1298 3259 1427 3337 vestris,

269 3363 344 3447 quia
364 3362 442 3426 mihi
467 3383 590 3447 semper
617 3384 741 3428 onrnsnr
766 3363 1000 3427 humanitatem
1023 3361 1167 3427 exhibuit
1198 3365 1231 3426 et
1254 3361 1345 3427 hodie
1373 3363 1427 3426 be-

268 3468 556 3533 nivolentissimum
577 3491 610 3533 se
627 3469 755 3534 exhibet
772 3468 809 3533 ad
826 3468 945 3545 omnia,
968 3489 1030 3551 que
1046 3466 1125 3530 mihi
1141 3467 1326 3550 cognoverit
1342 3489 1424 3551 quo·

271 3574 443 3639 modolibet
476 3573 654 3658 profutura.
699 3574 761 3640 Per
797 3573 855 3638 bec
878 3574 957 3638 bene
978 3571 1084 3637 valere
1107 3593 1160 3636 ros
1192 3576 1269 3654 opto
1293 3576 1324 3636 et
1347 3572 1425 3636 deus

268 3683 468 3767 omnipotens
499 3684 637 3745 restrum
667 3679 812 3746 fortunat
841 3698 1018 3744 successum
1051 3681 1083 3741 et
1117 3677 1150 3740 iu
1182 3679 1269 3740 statu
1294 3676 1423 3760 utrique
1520 3733 1522 3740 .

271 3787 392 3851 homini
415 3786 547 3850 salutari
572 3785 670 3870 longo
692 3788 835 3868 tempore
860 3789 892 3849 et
914 3783 1053 3848 feliciter
1076 3804 1130 3847 ros
1153 3786 1327 3848 conservet.

358 3892 405 3955 Ex
429 3889 574 3976 L[ipczk]
600 3892 668 3976 ipso
699 3892 749 3955 die
772 3895 880 3955 sancte
906 3888 1001 3954 Lucis
1024 3910 1106 3953 anno
1131 3893 1191 3954 etc.
1215 3883 1311 3952 L1X0.

346 4084 357 4136 1
378 4082 436 4138 cod.
456 4081 672 4138 convalescente.
748 4080 765 4132 2
784 4021 925 4136 Joulnnes
942 4077 977 4133 de
995 4077 1174 4134 Ratisbona?
1205 4095 1225 4131 s.
1244 4095 1287 4132 nr.
1305 4077 1349 4132 26.

743 4323 951 4330 mm*-
