3106 5252
678 448 721 512 33

666 722 723 795 14.

114 847 307 920 Hermann
340 844 495 918 Schedel
530 869 579 918 an
610 845 788 919 Wilbelm
819 869 854 919 v.
884 845 1111 921 Reiehenau.
1153 845 1272 940 Augs-

549 969 645 1064 burg
680 969 812 1066 [1458]
828 965 851 1042 ¹.

427 1123 491 1178 clm.
509 1122 563 1178 224
580 1123 600 1178 f.
618 1121 652 1175 38
671 1120 792 1192 einlage.
828 1121 958 1190 canape.

119 1245 709 1331 EmpiehlungdesUlriob
739 1245 1049 1312 Gossembrot.
1096 1247 1273 1312 Liebes-

152 1355 410 1418 abenteuer.
456 1351 572 1417 Dank
599 1353 669 1417 fdr
689 1352 807 1417 einen
830 1350 986 1417 Terens
1009 1352 1088 1417 und
1111 1351 1230 1418 bitte.

206 1491 411 1558 Hermannus
434 1489 568 1556 Sobedel
599 1489 741 1574 phisicus
766 1491 977 1575 Augustensis
1007 1491 1182 1556 venerabili
1205 1492 1273 1558 viro

120 1598 248 1662 domino
265 1595 442 1662 Wilbelmo
465 1598 503 1660 de
519 1595 728 1680 Reiob[enau]
753 1595 903 1660 canonico
926 1595 1123 1681 Eystettensi
1138 1597 1275 1662 salutem
1370 1604 1372 1611 '

120 1701 291 1784 plurimam
309 1702 396 1766 dicit.
442 1699 516 1765 Non
529 1698 667 1765 multum
683 1699 837 1783 profecto,
860 1702 897 1764 ut
912 1704 1037 1784 tempus
1053 1701 1087 1765 in
1110 1702 1275 1767 scribendo

119 1811 230 1888 teram,
254 1811 426 1892 preceptor
446 1812 478 1870 et
495 1804 598 1870 frater
613 1806 746 1889 optime,
771 1805 918 1889 expedire
935 1805 1086 1886 arbitror,
1109 1807 1272 1873 considero

120 1913 215 1995 enim,
241 1937 336 2000 quam
359 1913 466 1979 labilis
498 1917 546 1977 est
570 1934 629 1977 res.
676 1909 817 1976 Verbum
851 1911 981 1975 missum
1003 1913 1150 1996 pervolat
1172 1935 1273 1995 aures,

121 2040 185 2082 non
208 2019 369 2098 consmtit,
392 2041 454 2083 non
471 2017 543 2104 figit
560 2017 659 2082 alcius
682 2017 801 2082 radices
835 2037 915 2093 suas,
941 2017 1050 2100 quales
1066 2039 1150 2082 meas
1164 2018 1274 2083 literas

120 2123 217 2190 fuisse
240 2126 365 2204 iudico,
389 2147 467 2210 quas
491 2123 618 2209 quidem
641 2145 720 2187 unas
747 2123 918 2187 etiterum
948 2122 1027 2186 alias
1059 2121 1275 2206 superioribus

126 2228 236 2295 diebus
270 2231 309 2296 ad
342 2240 375 2296 te
406 2230 498 2308 dedi,
532 2251 593 2314 que
625 2251 682 2294 cur
713 2228 825 2292 saltem
849 2227 1085 2311 responsionem
1109 2235 1275 2293 consecute

123 2356 186 2398 non
213 2337 292 2415 sint,
321 2335 422 2400 miror
453 2334 734 2420 quamplurimum.
786 2331 882 2398 Forte
908 2338 965 2397 aut
993 2333 1069 2398 stilo
1092 2333 1197 2398 ieiune
1219 2340 1276 2399 aut

122 2438 200 2504 alias
233 2443 359 2507 steriles
396 2441 537 2509 fructum
575 2465 669 2508 suum
703 2442 789 2508 ferre
826 2441 998 2526 nequivere
1033 2447 1090 2506 aut
1123 2447 1161 2506 ut
1195 2442 1276 2506 rela-

124 2545 211 2612 cione
251 2547 506 2632 fidedignorum,
541 2549 709 2633 presertim
744 2547 856 2612 fratris
882 2545 1078 2631 Sigismundi
1109 2544 1193 2613 ete²
1225 2569 1277 2612 ao-

123 2653 205 2735 cepi,
239 2653 287 2717 ita
320 2658 351 2718 te
388 2653 491 2719 literis
522 2654 735 2738 perdiscendis
758 2654 918 2732 deditum,
942 2674 978 2718 ae
1002 2653 1153 2738 quicquid
1176 2657 1210 2718 in
1233 2655 1278 2717 eis

125 2757 232 2842 studij,
257 2757 392 2838 laboris,
415 2759 535 2844 ingenij
553 2760 654 2824 inesse
675 2758 806 2843 poterit,
838 2757 883 2821 sic
906 2779 1035 2840 operam
1058 2761 1090 2821 te
1117 2758 1277 2836 adbibere,

125 2867 246 2930 utnon
271 2862 370 2929 libido
400 2865 437 2928 nd
469 2864 667 2948 voluptates,
693 2885 750 2930 nec
773 2863 927 2928 amenitas
960 2863 998 2926 ad
1022 2862 1276 2941 delectacionem,

128 2990 184 3034 nec
207 2969 345 3054 denique
367 2970 459 3035 labor
483 2972 520 3035 ad
549 2971 687 3055 quietem
705 2970 745 3034 ab
760 2969 910 3034 instituto
933 2987 1027 3032 cursu
1043 2989 1189 3052 scopere
1211 2974 1278 3033 tam

130 3076 260 3161 egregio
284 3079 315 3138 te
338 3095 469 3140 avocare
491 3076 602 3160 possit,
626 3076 710 3160 quod
734 3080 765 3140 et
794 3075 888 3141 laudo
902 3124 1074 3140 .........
1271 3079 1275 3086 ’

212 3179 337 3245 Deinde
359 3186 396 3245 ut
418 3181 576 3265 presentis
600 3187 804 3260 ostensorem,
828 3180 857 3244 d.
873 3177 1016 3244 Ulrioum
1033 3178 1277 3265 Goss[embr0t],

128 3285 186 3348 tibi
209 3285 465 3350 commendatum
499 3285 627 3364 babeas,
656 3285 771 3350 obnixe
794 3306 872 3370 rogo
904 3289 936 3348 et
964 3285 998 3348 in
1028 3285 1279 3370 quibuscumque

130 3391 312 3456 necessariis
334 3391 519 3475 postularit,
543 3391 649 3474 ipsum
664 3391 772 3456 foveas
795 3396 892 3476 atque
915 3396 1081 3469 sustentes,
1107 3414 1169 3455 non
1193 3393 1276 3476 quod

127 3495 234 3582 aliqua
250 3519 284 3562 re
300 3494 428 3562 Christo
444 3497 603 3561 tribuente
628 3497 780 3580 indigeat,
796 3496 849 3560 sed
865 3496 941 3580 quia
956 3495 1108 3578 amicicijs
1125 3497 1278 3560 bonorum

130 3601 281 3685 coniungi
297 3597 349 3687 [si]
370 3601 485 3681 valeat,
510 3603 681 3666 maximum
702 3623 735 3666 se
751 3606 845 3685 putat
859 3601 1046 3666 beneficium
1062 3606 1277 3666 consecutum.

129 3700 218 3769 Facit
241 3710 273 3769 et
295 3707 333 3770 ad
361 3708 410 3771 sui
434 3728 510 3790 erga
534 3713 565 3772 te
589 3709 929 3773 recommendacionem
953 3706 1108 3790 genitoris
1139 3707 1277 3771 eiusdem

130 3829 273 3890 pronunc
303 3812 520 3894 gubernacula
553 3813 693 3878 civitatis
726 3812 938 3898 Augustensis
973 3813 1110 3877 tenentis
1141 3812 1279 3877 maxima

132 3914 212 3999 (sua)
237 3938 313 4000 erga
335 3939 387 3981 me
408 3918 632 3996 benivolentia,
655 3918 796 3984 virorum
813 3919 1066 3984 doctissimorum
1089 3940 1181 3983 verus
1197 3918 1280 3982 zela·

134 4021 192 4099 tor,
217 4043 310 4106 quem
334 4026 366 4086 et
381 4021 513 4087 mirifice
529 4044 601 4087 amo
617 4028 685 4087 tum
701 4027 834 4106 propter
856 4022 922 4086 eius
942 4045 1099 4087 summum
1116 4024 1279 4107 ingenium

132 4143 282 4209 suamque
316 4126 492 4192 doctrinam
529 4135 596 4194 tum
633 4135 672 4206 et:
707 4134 840 4212 propter
876 4129 942 4192 eius
984 4129 1178 4211 singularem
1212 4149 1279 4192 mo·

133 4228 273 4297 destiam.
321 4232 468 4297 Eiusdem
492 4255 568 4319 ergo
591 4233 648 4317 filij
673 4235 841 4317 negotium
866 4235 910 4298 sic
933 4233 1030 4297 velim
1052 4233 1221 4316 suscipias,
1244 4253 1281 4296 ac

133 4334 157 4398 si
180 4343 262 4402 esset
283 4358 333 4402 res
356 4359 435 4417 mea,
459 4360 518 4421 pro
542 4361 604 4423 quo
627 4339 755 4403 caritati
780 4345 835 4404 tue
849 4340 970 4424 gratias
987 4339 1140 4404 maximas
1155 4359 1279 4422 semper

207 4565 219 4617 1
239 4564 319 4620 Nacb
338 4564 401 4619 dem
420 4564 514 4619 inbalt
531 4583 593 4618 aum
615 4507 729 4632 vorigsiu
747 4565 869 4632 gestellt.
948 4565 965 4618 2
984 4564 1147 4618 Meisterlin.

184 4652 289 4694 sessos.
1056 4653 1072 4706 3
