3092 5244
774 418 814 482 72

215 596 470 662 iocundissimam
496 596 663 659 verborum
681 600 714 658 et
729 593 960 658 sentenciarum
978 593 1138 678 gravitate
1161 593 1370 658 subtilissime

216 701 272 766 abs
296 700 385 764 vobis
408 699 604 764 elaboratam
634 699 750 783 accepi,
784 719 849 783 qua
870 697 904 762 in
935 719 1071 764 menon
1096 697 1297 763 mediocriter
1319 699 1370 762 in·

215 808 337 869 vectum
355 804 523 887 comperio.
571 803 680 869 Eidem
708 803 865 869 invective
889 824 947 887 pro
974 803 1127 887 temporis
1156 803 1305 886 angustia
1327 804 1369 868 ob

217 906 452 992 expedicionem
488 909 708 991 pluralitatem
738 910 777 974 ad
810 930 940 993 presens
962 929 1125 975 occursum
1149 909 1191 973 iri
1213 914 1370 992 pretereo,

215 1015 287 1079 dum
313 1012 372 1078 boc
394 1034 491 1078 unum
516 1035 571 1080 vos
593 1015 683 1099 prius
709 1035 924 1091 ammonuero,
949 1036 989 1080 ne
1010 1013 1087 1099 quid
1102 1013 1214 1079 talium
1239 1013 1374 1097 posthac

216 1119 253 1183 de
275 1140 325 1182 me
350 1118 510 1201 suspicare
532 1119 649 1184 velitis.
696 1116 731 1184 si
753 1119 837 1182 enim
861 1117 936 1183 mali
954 1117 1076 1203 aliquid
1089 1117 1161 1197 feci,
1177 1117 1371 1182 correccioni

215 1245 264 1288 me
286 1223 390 1288 libens
413 1223 545 1297 subicio,
573 1225 639 1288 veri
662 1229 759 1310 atque
781 1223 808 1288 si
832 1223 908 1308 quid
934 1223 1063 1307 predico
1089 1259 1128 1270 -
1153 1225 1189 1286 ut
1211 1243 1281 1288 cnm
1305 1221 1370 1285 sal-

215 1333 323 1393 vatore
346 1331 454 1393 nostro
477 1327 590 1413 loquar
606 1354 669 1395 -:
695 1327 778 1394 ›Onr
802 1351 851 1394 me
873 1329 998 1395 cedistc
1031 1327 1078 1392 De
1101 1328 1152 1391 his
1175 1349 1237 1392 non
1263 1327 1368 1410 plura.

216 1431 337 1496 Rursus
370 1454 441 1497 cnm
477 1455 531 1498 vos
559 1435 599 1500 ob
629 1434 803 1500 utilitatem
834 1434 1062 1518 comodumque
1096 1455 1200 1499 meum
1223 1431 1370 1497 maximis

215 1537 363 1603 oneribus
378 1539 567 1604 submissum
584 1541 757 1619 considero,
782 1561 844 1606 non
865 1561 917 1604 eas
941 1540 1038 1619 vobis,
1063 1561 1141 1622 quas
1163 1538 1269 1615 dobeo,
1294 1558 1368 1621 gra-

216 1643 288 1721 cias,
312 1648 359 1708 set
382 1665 460 1726 quas
483 1644 582 1722 valeo,
607 1649 640 1710 et
662 1666 724 1729 ago
747 1650 779 1710 et
794 1645 906 1724 refero,
923 1646 1038 1710 iterum
1055 1646 1151 1727 atque
1173 1642 1290 1708 iterum
1312 1643 1370 1706 ob·

218 1747 324 1812 nixins
347 1749 553 1832 deprecando,
576 1757 613 1815 ut
630 1773 688 1835 pro
711 1773 760 1816 me
783 1755 933 1816 consueta
960 1748 1185 1828 benivolencia,
1209 1748 1314 1816 studio
1338 1752 1371 1812 et

216 1875 322 1918 amore
357 1854 457 1936 ceptis
490 1855 627 1921 fideliter
650 1856 796 1921 insistere
829 1855 945 1934 velitis,
978 1877 1040 1939 qno
1062 1854 1159 1920 cicius
1184 1853 1369 1918 institutum

215 1979 274 2041 pro
298 1980 347 2022 me
381 1959 542 2026 intentum
577 1962 722 2026 obtinere
746 1963 882 2046 possim,
915 1965 1067 2028 nontam
1091 1959 1182 2037 meis,
1206 1980 1299 2043 quam
1324 1958 1369 2021 rei

217 2067 323 2128 nostre
345 2062 473 2147 publice
497 2066 649 2145 utilitate,
673 2068 804 2132 comodo
820 2072 853 2131 et
868 2067 988 2131 honore
1016 2065 1176 2150 inspectis,
1201 2084 1295 2147 quam
1319 2083 1369 2125 ra-

216 2167 359 2232 cionibus
392 2169 561 2250 permultis
596 2171 762 2236 brevitatis
789 2171 911 2236 intuitu
943 2171 995 2235 hic
1031 2170 1155 2235 rescisis
1179 2168 1274 2252 longe
1296 2166 1369 2251 plus

216 2295 267 2338 me
290 2294 328 2336 ex
352 2272 411 2336 hoc
433 2274 604 2340 relevatam
628 2277 845 2342 demonstrare
862 2276 1087 2360 intelligerem.
1135 2273 1218 2349 Quas
1242 2270 1369 2356 quidem

218 2377 359 2444 raciones
376 2378 491 2460 partim
510 2401 547 2444 ex
566 2380 693 2446 missiva
709 2381 842 2446 dominis
859 2381 937 2446 meis
953 2403 991 2445 ex
1006 2402 1055 2445 me
1073 2376 1282 2463 presentanda
1304 2373 1371 2440 cla·

217 2485 283 2548 rins
306 2483 449 2567 excipere
473 2486 629 2568 poteritis,
653 2508 776 2570 exque
799 2492 830 2552 et
853 2486 925 2571 alijs
948 2486 1064 2550 litteris
1093 2481 1272 2548 consulatui
1298 2479 1370 2544 mis-

218 2589 261 2654 sis
291 2592 517 2672 tempestatum
551 2594 732 2656 nostrerum
755 2593 868 2657 seriem
891 2614 945 2656 vos
961 2591 1096 2656 lucidius
1119 2589 1303 2653 auditurum
1319 2584 1373 2649 hic

218 2693 365 2773 subsisto,
389 2715 452 2758 non
475 2695 601 2777 dubius,
625 2698 702 2781 quin
726 2699 837 2762 maiori
861 2721 967 2782 opera,
991 2719 1054 2782 qno
1079 2695 1179 2780 magis
1203 2714 1270 2758 mos
1291 2691 1373 2756 mihi

218 2805 357 2882 geratur,
381 2799 599 2865 solicitaturus
622 2802 693 2867 sitis
710 2801 730 2866 ¹.

307 2903 409 2966 Multa
432 2904 567 2989 deniqne
590 2907 628 2971 de
643 2906 796 2971 furcifero
821 2911 930 2974 nostro
947 2905 1127 2973 Heinrico²
1154 2905 1373 2990 perstringere

218 3008 388 3088 haberem,
423 3031 532 3075 verum
557 3032 629 3075 cnm
663 3011 758 3096 louge
785 3010 858 3095 plns
882 3014 957 3077 mali
992 3035 1049 3098 per
1072 3035 1143 3076 eum
1163 3010 1371 3093 mihiquem

217 3112 326 3196 ullott)
350 3135 499 3196 nmquam
522 3113 766 3179 hominimundi
800 3115 925 3180 illatum
950 3118 1157 3196 considerem,
1182 3116 1220 3179 de
1236 3136 1272 3179 eo
1296 3114 1372 3198 quid

220 3218 362 3280 dicturus
385 3219 444 3281 sim
469 3219 582 3297 nescio,
607 3242 678 3284 oum
709 3221 884 3284 adnomen
915 3223 981 3286 eius
1016 3245 1078 3287 non
1103 3243 1191 3286 secus
1215 3242 1308 3304 quam
1334 3221 1373 3283 ad

220 3321 348 3386 Tartari
381 3323 567 3387 vocobulum
602 3328 687 3389 totns
721 3324 969 3408 perhorrescam.
1026 3326 1149 3392 Gaudia
1181 3326 1265 3390 enim
1292 3325 1373 3388 mihi

220 3428 306 3492 dictu
329 3427 446 3492 altiora
479 3449 536 3511 per
569 3450 640 3492 eum
663 3429 842 3513 intercepta
869 3429 900 3494 in
934 3430 1119 3517 luctumque
1141 3431 1372 3495 amarissimum

219 3555 370 3598 conversa
392 3540 475 3599 sunt.
514 3531 630 3599 Uxoris
646 3534 828 3601 dulcissima
852 3536 1020 3621 colloquia,
1043 3540 1188 3621 aspectus
1211 3536 1374 3622 angelicus

220 3639 404 3723 reliquaque
436 3639 567 3704 silencio
599 3640 698 3724 digna
732 3661 801 3705 oum
832 3663 907 3706 voce
937 3643 1002 3706 eius
1026 3642 1172 3706 Hainrioi
1196 3640 1372 3726 dyabolica,

220 3748 348 3825 aspectu
372 3744 508 3808 mosaico
524 3745 702 3830 ceterisque
719 3745 931 3811 callidissimis
947 3747 1099 3831 versucijs
1115 3752 1147 3810 ct
1159 3746 1374 3811 delacionibus

220 3869 316 3931 opera
332 3852 363 3912 et
381 3849 574 3914 tradimento
590 3850 656 3914 eins
668 3855 861 3917 commutata
877 3853 977 3933 video,
994 3858 1090 3938 atque
1102 3888 1144 3898 —
1157 3873 1176 3916 o
1187 3851 1308 3914 utinam
1319 3871 1373 3912 su-

220 3952 316 4035 plicio
332 3957 423 4016 tanto
439 3954 690 4038 calumpniatore
707 3957 803 4040 digno
838 3959 1061 4038 contundatur,
1087 3956 1170 4042 qnod
1186 3957 1217 4019 in
1243 3978 1293 4042 mc
1304 3955 1373 4019 iure

221 4057 409 4144 dignissimo
433 4060 619 4124 meruisset!
645 4060 691 4125 De
714 4062 835 4126 domini
853 4061 992 4127 Karnli⁸
1016 4067 1102 4126 statu
1126 4066 1157 4126 et
1183 4060 1373 4137 valetudine,

220 4163 348 4228 vivatne
365 4186 405 4228 an
424 4168 568 4229 mortuus
584 4166 635 4244 sit,
652 4167 699 4229 nil
716 4167 788 4230 novi
805 4168 971 4251 explorare
987 4169 1140 4233 hactenus
1156 4167 1254 4252 quivi,
1277 4187 1374 4249 opera

787 4276 806 4310 it

293 4337 305 4389 1
329 4335 392 4407 Vgl.
411 4337 505 4393 hieran
524 4337 577 4393 den
597 4338 734 4394 obenialls
753 4341 824 4395 nach
847 4341 998 4411 Angsburg
1017 4339 1168 4411 gehbrigen
1188 4339 1305 4403 bericht,
1324 4337 1374 4392 der

221 4422 322 4478 Fontes
340 4441 392 4480 rer.
412 4425 549 4480 Austriao.
564 4426 597 4480 ΙΙ.
612 4426 677 4480 Abt.
691 4424 777 4492 XLII,
790 4428 840 4483 261
856 4444 905 4481 aus
918 4443 1031 4483 unserer
1041 4426 1218 4484 handschrift
1237 4423 1373 4496 gedrnolrt

220 4510 266 4565 ist.
337 4511 353 4566 2
373 4510 502 4570 Erlbach.
591 4513 607 4567 3
626 4513 711 4582 nger.
