3092 5244
683 427 724 491 95

131 605 254 668 litatem
272 627 425 690 -quam
449 606 481 670 in
506 606 615 670 haere
642 627 708 670 esse
730 627 878 690 presumo
896 643 938 652 -
953 608 1187 692 [0000000001]ἱ
1209 631 1284 693 pro-

11 711 12 714 ’
131 731 243 774 curare
258 710 474 790 consuevistis,
497 731 569 775 aum
584 711 618 775 in
633 710 700 775 dies
716 710 860 775 homines
879 732 984 791 cerno,
1001 714 1115 778 nedum
1141 713 1173 777 in
1190 711 1286 778 ltalia

132 819 306 898 promotos,
329 820 378 881 set
393 815 572 895 dumtaxat,
596 817 651 900 qui
666 838 724 900 per
739 817 863 901 aliquoi
877 821 1003 902 tempus
1025 819 1141 882 ibidem
1167 840 1286 884 moram

131 925 381 1000 contraxerunt,
425 926 457 984 01
486 922 601 1005 opibus
623 926 655 986 01
684 922 858 986 honoribus
880 927 989 987 auctos
1012 924 1050 988 ad
1074 945 1287 1008 magnamque

132 1025 270 1108 gloriam
300 1025 443 1105 evasisse,
467 1048 538 1090 cum
563 1032 595 1090 et
618 1027 649 1090 id
673 1025 706 1091 in
723 1026 866 1109 historijs
883 1049 992 1092 eorum
1015 1051 1066 1092 me
1089 1027 1204 1114 legisse
1220 1051 1286 1094 me·

131 1130 223 1210 mini,
247 1151 299 1194 eos
322 1130 433 1195 maliis
456 1132 555 1214 gestis
578 1130 673 1196 claris
696 1133 825 1196 nomina
847 1133 886 1196 ad
909 1137 995 1198 astra
1011 1135 1131 1199 tulisse.
1179 1135 1286 1219 Atque

129 1236 257 1318 idcireo,
280 1237 363 1302 sicut
385 1241 501 1302 natura
524 1236 622 1316 iubet,
646 1258 755 1302 eorum
778 1260 828 1303 mc
847 1238 1020 1302 virtutibus
1043 1237 1139 1319 affici,
1162 1259 1286 1304 mecum

131 1341 188 1404 hec
213 1342 321 1424 sepius
343 1343 450 1407 animo
473 1343 611 1421 revolvo,
638 1341 837 1428 multumque
860 1343 921 1409 hoc
943 1365 981 1408 ex
998 1348 1105 1410 vestra
1120 1349 1153 1410 01
1175 1345 1283 1429 patrui

129 1445 294 1511 voluntate
323 1449 595 1534 disposicioneque
626 1449 762 1532 pendere
797 1449 940 1532 reperio,
974 1449 1120 1538 quodque
1160 1450 1220 1516 hoc
1253 1450 1286 1513 in

132 1556 325 1636 tempesiate
347 1554 450 1638 magis
472 1575 576 1638 sperc,
599 1554 625 1618 si
648 1574 703 1617 vos
726 1553 916 1618 inclinatum
940 1558 973 1618 01
995 1553 1142 1618 affectum
1175 1593 1211 1602 -
1241 1555 1287 1620 uti

133 1680 257 1742 semper
280 1658 443 1723 fuistis-
461 1680 648 1744 cognovero.
694 1657 773 1734 Quia
801 1659 885 1744 quod
901 1681 958 1743 per
980 1681 1033 1724 vos
1050 1659 1162 1743 fi(t)eri
1185 1660 1288 1725 00011-

132 1765 227 1848 gerit,
251 1785 345 1829 nemo
367 1765 494 1829 dubitas
517 1765 600 1847 apud
624 1763 703 1828 alios
719 1763 830 1828 haberi
854 1769 969 1830 ratum.
1015 1765 1097 1829 Sunt
1112 1766 1213 1850 igitur
1230 1765 1288 1830 hee

130 1890 242 1947 cause,
277 1891 339 1954 que
367 1891 416 1933 me
449 1875 553 1933 vestre
585 1869 759 1933 reverentie
793 1890 855 1932 non
888 1870 978 1934 nulla
1008 1870 1128 1935 iterum
1150 1871 1288 1937 seribere

131 1975 355 2058 compulerunt
384 1974 529 2058 nihilque
557 1973 615 2038 hoc
651 1979 793 2058 tempore
824 1976 926 2057 magis
947 1981 1081 2059 exopto,
1116 1997 1177 2060 que
1200 1980 1232 2040 01
1254 1977 1285 2039 10

130 2080 243 2143 bonam
268 2083 392 2163 partem
422 2080 520 2162 recipi
544 2099 663 2162 precor.
710 2078 859 2144 Cessante
889 2080 973 2144 enim
996 2086 1084 2163 peste
1106 2082 1138 2144 in
1162 2080 1278 2165 patria,

130 2185 220 2251 cuius
243 2184 361 2250 famam
384 2187 422 2250 ad
447 2206 503 2250 vos
526 2184 708 2249 convolasse
732 2186 834 2264 credc,
858 2186 897 2249 ad
913 2186 1014 2251 solum
1039 2186 1146 2270 patrie
1169 2191 1226 2250 aui
1248 2186 1287 2250 ad

130 2290 235 2355 locum
259 2293 364 2355 vestre
386 2290 557 2355 residencie
572 2290 728 2373 migrabo,
752 2289 789 2353 de
814 2311 876 2374 quo
898 2296 1003 2355 tamen
1020 2311 1122 2373 spem,
1145 2313 1196 2355 me
1218 2313 1285 2356 cer-

132 2395 247 2458 tiorari
271 2395 384 2458 resinis
408 2395 512 2459 literis
535 2395 738 2474 suavissimis,
764 2417 977 2481 quasscmper
993 2417 1050 2479 pro
1075 2417 1191 2480 magno
1217 2419 1287 2461 rnu-

130 2521 206 2564 nere
229 2521 352 2564 mecum
377 2501 478 2566 habeo
500 2507 664 2586 tamquam
687 2501 786 2565 vestri
810 2522 886 2586 erga
902 2523 951 2565 me
970 2501 1086 2565 amoris
1109 2506 1282 2586 perpetuos

11 2609 14 2688 J
130 2611 240 2670 testes.
287 2603 385 2669 Plura
416 2606 606 2681 scriberem,
637 2605 664 2667 si
691 2605 771 2668 mihi
798 2625 868 2668 cum
892 2605 1019 2669 homine
1051 2605 1156 2668 minus
1179 2605 1285 2688 perito

11 2773 13 2786 ,
130 2732 179 2774 res
203 2715 298 2790 esaei,
322 2711 411 2776 vobis
434 2716 542 2776 autern
565 2732 659 2775 omne
681 2708 846 2796 par[v]um
869 2709 998 2774 sufficit.

709 3026 743 3098 6.

129 3148 326 3222 Hermann
355 3148 509 3222 Schedel
546 3172 595 3222 an
633 3030 775 3243 [Uinch
803 3149 1055 3223 Gossembroc.
1087 3149 1287 3242 Augsburg

602 3268 780 3365 1412113]
799 3267 821 3342 ¹.

500 3424 563 3481 clm.
580 3423 634 3478 224
653 3426 671 3478 f.
689 3424 750 3478 285.
789 3427 919 3495 Concept.

129 3549 454 3616 Gliickwunsch
479 3551 825 3636 zurerlangung
852 3550 970 3614 einer
1000 3551 1193 3614 stellein
1218 3552 1287 3616 der

130 3656 435 3722 kaiserlichen
467 3656 633 3720 k'anzlei
665 3657 741 3720 und
778 3655 890 3718 eines
914 3655 1204 3739 Augsburger
1228 3677 1286 3719 ca·

129 3760 340 3826 00010010.
378 3759 469 3825 Soll
497 3761 586 3824 sich
611 3759 976 3825 anJohannesRot
999 3759 1286 3827 anschliessen.

220 3900 395 3966 Maximum
418 3925 467 3966 me
490 3923 613 3985 semper
637 3905 725 3966 10001
747 3901 955 3978 desiderium,
979 3901 1027 3966 vir
1051 3900 1286 3980 humanissime,

203 4095 217 4146 1
239 4091 336 4146 Ulrich
354 4093 534 4149 Gossembrot
552 4093 622 4146 vird
641 4093 683 4146 als
702 4029 851 4147 canonicus
870 4109 923 4147 von
940 4091 979 4145 St.
993 4091 1094 4147 Moritu
1115 4092 1145 4144 in
1163 4090 1288 4146 Gossem·

128 4182 209 4236 brois
227 4177 478 4234 Geschlechtsbuch
497 4196 569 4247 cgm.
591 4180 625 4234 98
644 4178 662 4234 f.
682 4179 716 4234 30
735 4180 878 4248 genennt,
898 4178 941 4231 als
959 4177 1090 4248 mitglied
1110 4178 1160 4232 der
1178 4177 1284 4232 kaiser-

131 4268 225 4323 lichen
243 4267 355 4322 kanzlei
373 4268 431 4321 und
450 4285 524 4321 avar
543 4267 582 4320 im
601 4267 711 4322 diensis
730 4266 777 4320 des
797 4266 910 4322 Johann
929 4265 1032 4321 110110
1051 4265 1114 4320 (10ιο
1134 4283 1187 4321 von
1203 4267 1285 4320 Wan-

131 4354 261 4417 tenbaeh,
283 4354 419 4423 Anzeiger
438 4355 455 4407 f.
467 4353 527 4408 Kde
545 4354 601 4409 dir.
618 4353 812 4422 Vat.1882sp.
828 4351 1053 4407 reservabatur
1072 4352 1130 4406 und
1148 4371 1211 4407 num
1226 4370 1286 4423 sep·

134 4442 241 4497 tembar
261 4443 329 4497 1463
348 4444 491 4511 gesetaten
510 4441 604 4496 briefe.
641 4442 757 4495 Danach
775 4441 821 4494 die
840 4440 959 4496 adressa
996 4440 1056 4494 Dan
1073 4439 1112 4493 im
1135 4439 1222 4495 briefe
1240 4458 1288 4510 ge·

135 4532 261 4584 nannten
278 4529 459 4599 Weynmann
476 4528 552 4582 kann
578 4526 623 4582 ich
642 4528 683 4584 als
707 4526 852 4583 canonicus
873 4545 927 4583 von
946 4525 985 4584 St.
1008 4527 1107 4583 Morita
1133 4528 1225 4584 wodor
1243 4529 1288 4583 bei
