3092 5244
814 431 856 496 74

348 608 432 674 Nam
449 608 497 673 nil
513 608 635 674 dulcius
651 631 686 673 ac
704 607 867 674 iocundius
881 608 982 674 solido
998 607 1120 675 homini
1135 605 1305 691 prospicio,
1323 627 1417 691 quom

261 716 355 780 deum
377 715 513 798 diligere
537 719 569 779 et
603 736 635 778 se
659 715 726 777 eins
757 712 939 797 mancipare
970 713 1120 796 servioijs.
1178 710 1257 775 (lum
1281 715 1314 775 te
1337 711 1418 775 illud

261 821 424 884 intendere
447 820 553 885 animo
566 819 726 884 constanti
756 818 897 882 audirem
914 855 956 865 -
975 819 1059 903 qnod
1080 818 1135 882 vix
1158 815 1251 882 credo
1268 853 1321 896 -,
1338 838 1419 900 gau·

262 926 367 991 dercm
383 926 504 1010 utique.
542 922 710 989 Carissimo
726 922 836 1002 frater,
859 924 966 988 firmet
985 926 1016 987 te
1032 921 1225 1008 euangelica
1242 921 1415 997 sententia,

261 1053 323 1116 que
345 1031 409 1095 ait:
449 1029 552 1107 »Quid
575 1029 707 1113 prodest
730 1029 863 1108 homini,
887 1029 914 1093 si
937 1029 1121 1093 universum
1139 1027 1292 1093 mundum
1315 1027 1419 1092 lucre·

261 1141 316 1201 tur
338 1140 370 1200 et
392 1134 498 1200 anime
520 1156 576 1199 sue
598 1135 828 1199 detrimentum
852 1135 1042 1218 paciatur'tc
1083 1133 1195 1199 Curius
1227 1155 1302 1218 ergo
1325 1132 1421 1207 habe,

262 1259 333 1302 cum
357 1237 459 1302 Maria
482 1237 671 1322 Magdalcna
704 1239 987 1322 contemplacionis
1013 1238 1200 1304 celsitudine
1232 1237 1328 1322 pedes
1349 1259 1421 1302 am·

261 1343 358 1426 plecti
375 1343 557 1423 dominicos,
583 1366 676 1428 qnam
695 1366 765 1408 cum
781 1343 885 1408 Marta
902 1343 1002 1410 active
1024 1345 1089 1408 vite
1105 1344 1223 1428 agitari
1238 1342 1421 1426 spiraculis,

263 1451 294 1512 et
317 1447 351 1511 in
374 1448 555 1532 principum
578 1449 675 1531 curijs
692 1453 723 1512 et
740 1448 832 1512 factis
849 1453 881 1512 te
897 1453 1001 1513 toturn
1024 1470 1149 1532 semper
1164 1449 1322 1534 ingerere.
1359 1451 1423 1511 Ast

264 1553 407 1636 quumvis
429 1551 490 1617 hoc
513 1554 595 1618 idem
619 1553 715 1617 etiam
739 1575 837 1616 unum
861 1553 904 1617 sit
926 1575 964 1617 ex
987 1553 1187 1631 necessariis,
1222 1574 1286 1618 non
1310 1558 1420 1617 tamen

263 1678 388 1740 semper
410 1658 485 1722 huic
509 1661 585 1723 adeo
608 1659 818 1724 insudandum
844 1663 901 1739 est,
923 1665 959 1723 ut
982 1662 1152 1742 propterea
1176 1658 1213 1723 de
1237 1658 1345 1722 anima
1361 1679 1420 1740 pe·

265 1762 353 1826 nitus
375 1761 422 1826 nil
445 1763 614 1848 cogitetur.
662 1762 708 1827 De
731 1763 791 1828 hoc
816 1763 967 1829 hactenus
978 1765 997 1828 ¹.

351 1866 398 1932 De
414 1867 615 1935 involucione
634 1891 708 1935 vero
731 1869 916 1935 detestanda
928 1870 1110 1954 principum
1130 1876 1313 1936 nostrorum
1330 1867 1423 1932 aliud

264 1995 321 2057 pro
344 1995 429 2038 nunc
451 1975 587 2040 scribere
610 1997 740 2061 nequeo,
765 1977 827 2040 nisi
850 1976 934 2060 quod
955 1976 1019 2040 dux
1059 1974 1228 2040 Ludwicus
1251 1978 1339 2039 certe
1360 1974 1422 2038 ob·

264 2079 363 2142 tinuit
385 2079 709 2159 castraMarcbionis,
734 2103 797 2145 non
825 2087 932 2146 tamen
955 2082 987 2145 vi
1010 2081 1130 2166 aliqua,
1155 2102 1358 2164 quamquam,
1384 2085 1424 2143 ut

266 2185 413 2263 lamatur,
437 2207 584 2268 magnam
602 2187 719 2250 habeat
734 2187 971 2252 multitudinem
987 2187 1109 2270 populi,
1133 2189 1165 2250 et
1180 2204 1240 2268 pro
1261 2205 1355 2262 nunc,
1385 2190 1423 2249 ut

266 2289 415 2369 famatus,
425 2311 495 2354 cum
514 2291 653 2355 exercitu
669 2312 725 2354 suo
738 2290 985 2355 circumiallavit
997 2295 1135 2354 castrum
1152 2289 1229 2353 satis
1242 2287 1323 2352 exile
1334 2287 1424 2352 circa

266 2393 417 2459 Swabach
441 2398 568 2462 nomine
583 2394 830 2460 Kammcrstain.
878 2396 1021 2460 Marchio
1044 2400 1151 2460 tamen
1167 2394 1324 2458 Albertus
1343 2391 1423 2457 hac-

266 2505 357 2563 tenus
381 2501 426 2564 nil
450 2499 662 2586 attemptavit.
710 2498 776 2563 Ista
798 2505 904 2564 tamen
921 2499 1093 2564 ebdomada
1115 2499 1243 2564 indubie
1261 2497 1420 2581 populum

267 2627 302 2669 ac
325 2608 497 2671 exercitum
522 2607 694 2672 maximum
720 2610 851 2689 propter
875 2605 1044 2670 adventum
1068 2605 1281 2688 plurimorum
1305 2604 1343 2669 de
1359 2602 1419 2668 Sa-

266 2711 361 2776 xonia
385 2713 518 2778 iunioris
549 2718 582 2777 et
605 2711 736 2775 senioris
771 2709 952 2794 principum
984 2708 1101 2773 ibidem
1129 2708 1269 2786 babebit,
1293 2712 1325 2772 et
1348 2728 1423 2790 spes

266 2818 445 2882 omnimoda
467 2819 614 2892 habetur,
647 2817 730 2901 quod
754 2816 829 2880 deus
852 2815 1029 2898 potentiam
1063 2837 1150 2879 suam
1175 2834 1252 2897 arga
1274 2813 1423 2878 adversa·

268 2921 353 2984 rium
376 2943 467 2986 suum
492 2923 649 3000 ostendet,
673 2921 799 2985 utinam
821 2941 971 3005 prospere
995 2925 1026 2984 et
1049 2917 1226 2984 felicitcr²l

356 3026 397 3090 Et
420 3028 502 3091 sicut
525 3048 630 3090 rerum
663 3047 814 3090 novarum
837 3025 964 3091 auditor
988 3047 1020 3090 es
1042 3025 1170 3104 avidus,
1194 3024 1241 3088 ita
1264 3029 1297 3088 at
1319 3029 1424 3089 mate·

268 3129 415 3195 riarum⁸
438 3130 516 3195 alias
539 3129 643 3194 verbis
666 3135 698 3194 et
721 3131 864 3212 proxime
887 3132 1016 3215 scriptis
1047 3131 1276 3215 promissarum
1299 3130 1421 3194 avidis·

268 3237 366 3300 simus
382 3258 450 3300 sum
467 3241 660 3319 expectator.
708 3235 786 3300 Cum
802 3237 946 3320 proximo
962 3257 1039 3320 ergo
1055 3239 1229 3300 mercatore
1246 3239 1303 3299 aut
1319 3234 1422 3300 eciam

270 3342 384 3406 nuncio
410 3345 589 3418 occurente,
614 3363 674 3425 que
689 3340 878 3424 pollicitus4
895 3363 936 3421 es,
960 3342 1097 3426 dirigere
1114 3340 1199 3405 omui
1211 3361 1309 3423 opera
1332 3359 1425 3404 cures

269 3448 383 3512 obnixe
407 3467 494 3532 rogo.
527 3446 590 3511 Ero
612 3447 673 3510 tibi
696 3447 873 3531 morigerus
888 3447 921 3510 in
939 3446 1198 3531 quibuscumque,
1224 3465 1286 3529 que
1302 3443 1423 3526 placita

268 3552 399 3620 fuerint.
435 3552 525 3617 Etsi
551 3573 613 3616 non
637 3555 803 3616 materiam
828 3573 898 3616 eam
913 3550 1126 3615 omnimodam
1151 3550 1241 3614 iuxta
1264 3549 1423 3632 promissa

269 3658 407 3743 dirigere
431 3657 560 3741 poteris,
584 3660 707 3739 partem
731 3657 838 3720 saltim
861 3677 951 3722 cures
969 3656 1105 3720 mittere.
1144 3653 1190 3718 De
1206 3653 1420 3737 Avioennaff)

269 3785 342 3828 vero
365 3763 521 3828 mittendo
544 3763 631 3827 iuxta
654 3762 819 3827 commissa
842 3767 874 3827 et
896 3764 1008 3844 optata
1031 3762 1144 3825 bonam
1168 3760 1319 3824 adhibeas
1342 3757 1418 3822 dili·

270 3871 421 3954 gentiam.
469 3867 678 3950 Respondebo
701 3868 790 3931 iuxta
814 3867 936 3931 merita.
974 3868 1011 3930 In
1029 3864 1156 3930 Christo
1178 3864 1336 3929 salvatore
1364 3885 1423 3928 no·

270 3980 336 4040 stro
359 3981 390 4040 te
414 3974 519 4038 valere
549 3973 661 4056 copie,
697 3972 798 4036 frater
820 3973 1044 4036 amantissime.
1099 3971 1145 4034 Ex
1171 3970 1320 4055 Augusta
1343 3969 1425 4033 teria

270 4083 367 4146 tertia
391 4084 464 4164 post
487 4082 614 4144 cantate
638 4075 716 4143 LX0.

838 4179 856 4217 ‘l‘

343 4275 355 4327 1
375 4271 442 4342 Vgl.
461 4289 502 4326 nr.
522 4272 547 4324 2.
617 4269 633 4320 2
655 4265 721 4336 Vgl.
737 4265 909 4331 illuckhobn,
928 4265 1045 4335 Ludwig
1063 4265 1112 4320 dar
1129 4263 1230 4319 Reiche
1250 4265 1299 4319 143
1318 4263 1347 4327 i,
1367 4263 1423 4317 bes.

272 4361 343 4416 144².
416 4362 432 4414 3
454 4359 516 4429 Vgl.
535 4357 606 4412 oben
625 4373 644 4408 s.
664 4354 697 4408 27
720 4369 794 4406 anm.
814 4352 839 4406 2.
908 4353 925 4405 4
944 4351 1001 4407 cod.
1022 4349 1157 4422 pollicita.

743 4541 952 4552 „-·---.--—
