<?xml version="1.0" encoding="UTF-8"?>
<!DOCTYPE html PUBLIC "-//W3C//DTD XHTML 1.0 Transitional//EN"
    "http://www.w3.org/TR/xhtml1/DTD/xhtml1-transitional.dtd">
<html xmlns="http://www.w3.org/1999/xhtml" xml:lang="en" lang="en">
 <head>
  <title>
</title>
<meta http-equiv="Content-Type" content="text/html;charset=utf-8" />
  <meta name='ocr-system' content='tesseract 3.04.00' />
  <meta name='ocr-capabilities' content='ocr_page ocr_carea ocr_par ocr_line ocrx_word'/>
</head>
<body>
  <div class='ocr_page' id='page_1' title='image "./hermannschedels00joacgoog_0095.png"; bbox 0 0 3092 5244; ppageno 0'>
   <div class='ocr_carea' id='block_1_1' title="bbox 685 465 727 536">
    <p class='ocr_par' dir='ltr' id='par_1_1' title="bbox 685 465 727 536">
     <span class='ocr_line' id='line_1_1' title="bbox 685 465 727 536; baseline 0.024 -1"><span class='ocrx_word' id='word_1_1' title='bbox 685 465 727 536; x_wconf 79' lang='grc'>79</span> 
     </span>
    </p>
   </div>
   <div class='ocr_carea' id='block_1_2' title="bbox 121 645 1294 4195">
    <p class='ocr_par' dir='ltr' id='par_1_2' title="bbox 121 645 1294 2395">
     <span class='ocr_line' id='line_1_2' title="bbox 121 645 1277 732; baseline -0.003 -20"><span class='ocrx_word' id='word_1_2' title='bbox 121 645 232 712; x_wconf 85' lang='lat' dir='ltr'>cione¹</span> <span class='ocrx_word' id='word_1_3' title='bbox 258 651 366 712; x_wconf 88' lang='lat' dir='ltr'>nostra</span> <span class='ocrx_word' id='word_1_4' title='bbox 388 645 610 732; x_wconf 82' lang='lat' dir='ltr'>ignorancium</span> <span class='ocrx_word' id='word_1_5' title='bbox 633 646 903 730; x_wconf 80' lang='lat' dir='ltr'>subditorumque</span> <span class='ocrx_word' id='word_1_6' title='bbox 925 645 1142 712; x_wconf 91' lang='lat' dir='ltr'>inobediencia</span> <span class='ocrx_word' id='word_1_7' title='bbox 1165 667 1201 710; x_wconf 87' lang='lat' dir='ltr'>ao</span> <span class='ocrx_word' id='word_1_8' title='bbox 1224 645 1277 709; x_wconf 91' lang='lat' dir='ltr'>de·</span> 
     </span>
     <span class='ocr_line' id='line_1_3' title="bbox 122 750 1277 835; baseline -0.003 -19"><span class='ocrx_word' id='word_1_9' title='bbox 122 751 206 817; x_wconf 88' lang='lat' dir='ltr'>lictis</span> <span class='ocrx_word' id='word_1_10' title='bbox 230 754 349 818; x_wconf 89' lang='lat' dir='ltr'>nostris</span> <span class='ocrx_word' id='word_1_11' title='bbox 371 752 502 819; x_wconf 76' lang='lat' dir='ltr'>cottidie</span> <span class='ocrx_word' id='word_1_12' title='bbox 533 750 605 835; x_wconf 89' lang='lat' dir='ltr'>plus</span> <span class='ocrx_word' id='word_1_13' title='bbox 629 752 896 816; x_wconf 87' lang='lat' dir='ltr'>invalescentibus</span> <span class='ocrx_word' id='word_1_14' title='bbox 924 753 957 815; x_wconf 93' lang='lat' dir='ltr'>in</span> <span class='ocrx_word' id='word_1_15' title='bbox 983 751 1157 835; x_wconf 88' lang='lat' dir='ltr'>perniciem</span> <span class='ocrx_word' id='word_1_16' title='bbox 1188 755 1221 814; x_wconf 90' lang='lat' dir='ltr'>et</span> <span class='ocrx_word' id='word_1_17' title='bbox 1245 751 1277 813; x_wconf 91' lang='lat' dir='ltr'>in</span> 
     </span>
     <span class='ocr_line' id='line_1_4' title="bbox 121 855 1278 941; baseline -0.002 -21"><span class='ocrx_word' id='word_1_18' title='bbox 121 856 278 922; x_wconf 88' lang='lat' dir='ltr'>nichilum</span> <span class='ocrx_word' id='word_1_19' title='bbox 302 858 412 941; x_wconf 78' lang='lat' dir='ltr'><strong>redigi.</strong></span> <span class='ocrx_word' id='word_1_20' title='bbox 460 855 574 921; x_wconf 92' lang='lat' dir='ltr'>Nonne</span> <span class='ocrx_word' id='word_1_21' title='bbox 597 861 629 920; x_wconf 88' lang='lat' dir='ltr'>et</span> <span class='ocrx_word' id='word_1_22' title='bbox 652 879 747 933; x_wconf 91' lang='lat' dir='ltr'>nunc,</span> <span class='ocrx_word' id='word_1_23' title='bbox 771 856 866 939; x_wconf 89' lang='lat' dir='ltr'>culpa</span> <span class='ocrx_word' id='word_1_24' title='bbox 889 860 926 921; x_wconf 90' lang='lat' dir='ltr'>ut</span> <span class='ocrx_word' id='word_1_25' title='bbox 949 877 1059 920; x_wconf 89' lang='lat' dir='ltr'>vereor</span> <span class='ocrx_word' id='word_1_26' title='bbox 1086 861 1205 932; x_wconf 89' lang='lat' dir='ltr'>nostra,</span> <span class='ocrx_word' id='word_1_27' title='bbox 1230 856 1278 920; x_wconf 76' lang='lat' dir='ltr'>vi-</span> 
     </span>
     <span class='ocr_line' id='line_1_5' title="bbox 122 961 1278 1048; baseline -0.002 -22"><span class='ocrx_word' id='word_1_28' title='bbox 122 963 249 1043; x_wconf 80' lang='lat' dir='ltr'>demus,</span> <span class='ocrx_word' id='word_1_29' title='bbox 273 963 435 1048; x_wconf 83' lang='lat' dir='ltr'>principes</span> <span class='ocrx_word' id='word_1_30' title='bbox 458 970 567 1029; x_wconf 82' lang='lat' dir='ltr'>nostre</span> <span class='ocrx_word' id='word_1_31' title='bbox 590 963 694 1047; x_wconf 90' lang='lat' dir='ltr'>patrie</span> <span class='ocrx_word' id='word_1_32' title='bbox 718 961 893 1027; x_wconf 87' lang='lat' dir='ltr'>machinari</span> <span class='ocrx_word' id='word_1_33' title='bbox 913 963 996 1027; x_wconf 86' lang='lat' dir='ltr'>—si</span> <span class='ocrx_word' id='word_1_34' title='bbox 1019 961 1099 1047; x_wconf 86' lang='lat' dir='ltr'>phas</span> <span class='ocrx_word' id='word_1_35' title='bbox 1126 967 1207 1026; x_wconf 90' lang='lat' dir='ltr'>esset</span> <span class='ocrx_word' id='word_1_36' title='bbox 1230 961 1278 1025; x_wconf 92' lang='lat' dir='ltr'>di·</span> 
     </span>
     <span class='ocr_line' id='line_1_6' title="bbox 121 1067 1278 1153; baseline -0.003 -21"><span class='ocrx_word' id='word_1_37' title='bbox 121 1089 190 1132; x_wconf 87' lang='lat' dir='ltr'>cere</span> <span class='ocrx_word' id='word_1_38' title='bbox 205 1104 250 1116; x_wconf 93' lang='lat'>—</span> <span class='ocrx_word' id='word_1_39' title='bbox 265 1070 299 1132; x_wconf 92' lang='lat' dir='ltr'>in</span> <span class='ocrx_word' id='word_1_40' title='bbox 316 1069 417 1133; x_wconf 86' lang='lat' dir='ltr'>tocius</span> <span class='ocrx_word' id='word_1_41' title='bbox 440 1070 486 1135; x_wconf 92' lang='lat' dir='ltr'>rei</span> <span class='ocrx_word' id='word_1_42' title='bbox 512 1069 640 1153; x_wconf 91' lang='lat' dir='ltr'>publice</span> <span class='ocrx_word' id='word_1_43' title='bbox 663 1068 937 1146; x_wconf 76' lang='lat' dir='ltr'>destruccionem,</span> <span class='ocrx_word' id='word_1_44' title='bbox 965 1073 1091 1152; x_wconf 85' lang='lat' dir='ltr'>strages</span> <span class='ocrx_word' id='word_1_45' title='bbox 1113 1067 1278 1130; x_wconf 90' lang='lat' dir='ltr'>hominum</span> 
     </span>
     <span class='ocr_line' id='line_1_7' title="bbox 121 1165 1279 1258; baseline -0.003 -21"><span class='ocrx_word' id='word_1_46' title='bbox 121 1174 239 1258; x_wconf 87' lang='lat' dir='ltr'>absque</span> <span class='ocrx_word' id='word_1_47' title='bbox 262 1174 478 1239; x_wconf 88' lang='lat' dir='ltr'>misericordia</span> <span class='ocrx_word' id='word_1_48' title='bbox 502 1178 694 1250; x_wconf 86' lang='lat' dir='ltr'>exercentes,</span> <span class='ocrx_word' id='word_1_49' title='bbox 719 1177 751 1236; x_wconf 92' lang='lat' dir='ltr'>et</span> <span class='ocrx_word' id='word_1_50' title='bbox 774 1173 857 1255; x_wconf 92' lang='lat' dir='ltr'>quod</span> <span class='ocrx_word' id='word_1_51' title='bbox 882 1173 972 1256; x_wconf 91' lang='lat' dir='ltr'>peius</span> <span class='ocrx_word' id='word_1_52' title='bbox 988 1165 1064 1250; x_wconf 83' lang='lat' dir='ltr'>est,</span> <span class='ocrx_word' id='word_1_53' title='bbox 1099 1173 1168 1236; x_wconf 89' lang='lat' dir='ltr'>loca</span> <span class='ocrx_word' id='word_1_54' title='bbox 1190 1192 1279 1236; x_wconf 88' lang='lat' dir='ltr'>sacra</span> 
     </span>
     <span class='ocr_line' id='line_1_8' title="bbox 122 1276 1279 1362; baseline -0.002 -22"><span class='ocrx_word' id='word_1_55' title='bbox 122 1277 335 1362; x_wconf 72' lang='lat' dir='ltr'>prophanare,</span> <span class='ocrx_word' id='word_1_56' title='bbox 351 1280 524 1344; x_wconf 87' lang='lat' dir='ltr'>deteriores</span> <span class='ocrx_word' id='word_1_57' title='bbox 542 1281 575 1344; x_wconf 95' lang='lat' dir='ltr'>in</span> <span class='ocrx_word' id='word_1_58' title='bbox 592 1277 741 1343; x_wconf 93' lang='lat' dir='ltr'>omnibus</span> <span class='ocrx_word' id='word_1_59' title='bbox 755 1278 846 1361; x_wconf 88' lang='lat' dir='ltr'>vicijs</span> <span class='ocrx_word' id='word_1_60' title='bbox 865 1277 1076 1343; x_wconf 85' lang='lat' dir='ltr'>Romanorum</span> <span class='ocrx_word' id='word_1_61' title='bbox 1094 1278 1127 1340; x_wconf 93' lang='lat' dir='ltr'>in</span> <span class='ocrx_word' id='word_1_62' title='bbox 1144 1276 1279 1359; x_wconf 91' lang='lat' dir='ltr'>epistola</span> 
     </span>
     <span class='ocr_line' id='line_1_9' title="bbox 121 1381 1279 1468; baseline -0.003 -22"><span class='ocrx_word' id='word_1_63' title='bbox 121 1389 224 1448; x_wconf 90' lang='lat' dir='ltr'>vestra</span> <span class='ocrx_word' id='word_1_64' title='bbox 246 1383 434 1468; x_wconf 80' lang='lat' dir='ltr'>explicitis?</span> <span class='ocrx_word' id='word_1_65' title='bbox 470 1383 580 1449; x_wconf 91' lang='lat' dir='ltr'>Omnis</span> <span class='ocrx_word' id='word_1_66' title='bbox 608 1384 693 1447; x_wconf 91' lang='lat' dir='ltr'>enim</span> <span class='ocrx_word' id='word_1_67' title='bbox 716 1384 862 1467; x_wconf 88' lang='lat' dir='ltr'>potentia</span> <span class='ocrx_word' id='word_1_68' title='bbox 887 1383 1002 1447; x_wconf 91' lang='lat' dir='ltr'>iniurie</span> <span class='ocrx_word' id='word_1_69' title='bbox 1019 1382 1120 1446; x_wconf 85' lang='lat' dir='ltr'>mixta</span> <span class='ocrx_word' id='word_1_70' title='bbox 1143 1381 1279 1463; x_wconf 90' lang='lat' dir='ltr'>speciem</span> 
     </span>
     <span class='ocr_line' id='line_1_10' title="bbox 123 1486 1280 1572; baseline -0.003 -21"><span class='ocrx_word' id='word_1_71' title='bbox 123 1490 347 1570; x_wconf 80' lang='lat' dir='ltr'>generositatis</span> <span class='ocrx_word' id='word_1_72' title='bbox 370 1492 502 1556; x_wconf 85' lang='lat' dir='ltr'>amittit.</span> <span class='ocrx_word' id='word_1_73' title='bbox 560 1488 620 1554; x_wconf 83' lang='lat' dir='ltr'>Sed</span> <span class='ocrx_word' id='word_1_74' title='bbox 636 1489 738 1572; x_wconf 86' lang='lat' dir='ltr'>quid?</span> <span class='ocrx_word' id='word_1_75' title='bbox 775 1487 842 1552; x_wconf 89' lang='lat' dir='ltr'>Hec</span> <span class='ocrx_word' id='word_1_76' title='bbox 854 1488 937 1551; x_wconf 87' lang='lat' dir='ltr'>mala</span> <span class='ocrx_word' id='word_1_77' title='bbox 953 1487 1095 1551; x_wconf 87' lang='lat' dir='ltr'>luctuosa</span> <span class='ocrx_word' id='word_1_78' title='bbox 1118 1491 1149 1550; x_wconf 91' lang='lat' dir='ltr'>et</span> <span class='ocrx_word' id='word_1_79' title='bbox 1168 1486 1280 1550; x_wconf 85' lang='lat' dir='ltr'>acerba</span> 
     </span>
     <span class='ocr_line' id='line_1_11' title="bbox 124 1588 1280 1676; baseline -0.003 -20"><span class='ocrx_word' id='word_1_80' title='bbox 124 1614 201 1676; x_wconf 90' lang='lat' dir='ltr'>equo</span> <span class='ocrx_word' id='word_1_81' title='bbox 226 1594 313 1659; x_wconf 89' lang='lat' dir='ltr'>ferre</span> <span class='ocrx_word' id='word_1_82' title='bbox 335 1594 443 1666; x_wconf 87' lang='lat' dir='ltr'>animo</span> <span class='ocrx_word' id='word_1_83' title='bbox 465 1614 590 1658; x_wconf 88' lang='lat' dir='ltr'>necesse</span> <span class='ocrx_word' id='word_1_84' title='bbox 608 1595 664 1657; x_wconf 90' lang='lat' dir='ltr'>est.</span> <span class='ocrx_word' id='word_1_85' title='bbox 712 1589 795 1656; x_wconf 84' lang='lat' dir='ltr'>Num</span> <span class='ocrx_word' id='word_1_86' title='bbox 820 1596 856 1656; x_wconf 92' lang='lat' dir='ltr'>ut</span> <span class='ocrx_word' id='word_1_87' title='bbox 872 1588 1015 1656; x_wconf 80' lang='lat' dir='ltr'>Ciceroni</span> <span class='ocrx_word' id='word_1_88' title='bbox 1033 1595 1142 1655; x_wconf 87' lang='lat' dir='ltr'>nostro</span> <span class='ocrx_word' id='word_1_89' title='bbox 1158 1590 1280 1672; x_wconf 86' lang='lat' dir='ltr'>placet:</span> 
     </span>
     <span class='ocr_line' id='line_1_12' title="bbox 128 1695 1280 1781; baseline -0.003 -20"><span class='ocrx_word' id='word_1_90' title='bbox 128 1695 190 1761; x_wconf 82' lang='lat' dir='ltr'>»Ea</span> <span class='ocrx_word' id='word_1_91' title='bbox 213 1698 400 1763; x_wconf 89' lang='lat' dir='ltr'>condicione</span> <span class='ocrx_word' id='word_1_92' title='bbox 423 1698 492 1762; x_wconf 90' lang='lat' dir='ltr'>nati</span> <span class='ocrx_word' id='word_1_93' title='bbox 515 1719 635 1776; x_wconf 89' lang='lat' dir='ltr'>sumus,</span> <span class='ocrx_word' id='word_1_94' title='bbox 661 1700 708 1775; x_wconf 92' lang='lat' dir='ltr'>ut,</span> <span class='ocrx_word' id='word_1_95' title='bbox 735 1696 885 1781; x_wconf 90' lang='lat' dir='ltr'>quioquid</span> <span class='ocrx_word' id='word_1_96' title='bbox 903 1695 1026 1760; x_wconf 85' lang='lat' dir='ltr'>adversi</span> <span class='ocrx_word' id='word_1_97' title='bbox 1043 1695 1176 1771; x_wconf 88' lang='lat' dir='ltr'>venerit,</span> <span class='ocrx_word' id='word_1_98' title='bbox 1199 1715 1280 1779; x_wconf 92' lang='lat' dir='ltr'>equo</span> 
     </span>
     <span class='ocr_line' id='line_1_13' title="bbox 124 1799 1279 1883; baseline 0 -19"><span class='ocrx_word' id='word_1_99' title='bbox 124 1800 229 1870; x_wconf 88' lang='lat' dir='ltr'>animo</span> <span class='ocrx_word' id='word_1_100' title='bbox 252 1804 338 1868; x_wconf 84' lang='lat' dir='ltr'>ferre</span> <span class='ocrx_word' id='word_1_101' title='bbox 353 1804 550 1870; x_wconf 85' lang='lat' dir='ltr'>debeamus.‹</span> <span class='ocrx_word' id='word_1_102' title='bbox 599 1800 641 1866; x_wconf 81' lang='lat' dir='ltr'>Et</span> <span class='ocrx_word' id='word_1_103' title='bbox 656 1799 774 1865; x_wconf 79' lang='lat' dir='ltr'>Seneca</span> <span class='ocrx_word' id='word_1_104' title='bbox 788 1800 909 1864; x_wconf 88' lang='lat' dir='ltr'>stoicus</span> <span class='ocrx_word' id='word_1_105' title='bbox 925 1799 1133 1866; x_wconf 87' lang='lat' dir='ltr'>disertissime</span> <span class='ocrx_word' id='word_1_106' title='bbox 1156 1801 1188 1864; x_wconf 91' lang='lat' dir='ltr'>in</span> <span class='ocrx_word' id='word_1_107' title='bbox 1213 1801 1279 1883; x_wconf 91' lang='lat' dir='ltr'>epi-</span> 
     </span>
     <span class='ocr_line' id='line_1_14' title="bbox 125 1903 1281 1991; baseline -0.003 -22"><span class='ocrx_word' id='word_1_108' title='bbox 125 1907 204 1972; x_wconf 90' lang='lat' dir='ltr'>stola</span> <span class='ocrx_word' id='word_1_109' title='bbox 219 1908 268 1972; x_wconf 76' lang='lat' dir='ltr'>xi·</span> <span class='ocrx_word' id='word_1_110' title='bbox 291 1909 330 1972; x_wconf 91' lang='lat' dir='ltr'>ad</span> <span class='ocrx_word' id='word_1_111' title='bbox 350 1906 484 1972; x_wconf 88' lang='lat' dir='ltr'>Paulum</span> <span class='ocrx_word' id='word_1_112' title='bbox 509 1907 631 1991; x_wconf 88' lang='lat' dir='ltr'>inquit:</span> <span class='ocrx_word' id='word_1_113' title='bbox 666 1903 837 1970; x_wconf 82' lang='lat' dir='ltr'>›Feramus</span> <span class='ocrx_word' id='word_1_114' title='bbox 860 1926 943 1990; x_wconf 91' lang='lat' dir='ltr'>equo</span> <span class='ocrx_word' id='word_1_115' title='bbox 966 1907 1082 1984; x_wconf 89' lang='lat' dir='ltr'>animo,</span> <span class='ocrx_word' id='word_1_116' title='bbox 1106 1906 1189 1990; x_wconf 92' lang='lat' dir='ltr'>quod</span> <span class='ocrx_word' id='word_1_117' title='bbox 1213 1925 1281 1969; x_wconf 87' lang='lat' dir='ltr'>sors</span> 
     </span>
     <span class='ocr_line' id='line_1_15' title="bbox 124 2009 1280 2094; baseline -0.003 -20"><span class='ocrx_word' id='word_1_118' title='bbox 124 2015 297 2092; x_wconf 85' lang='lat' dir='ltr'>concessit,</span> <span class='ocrx_word' id='word_1_119' title='bbox 327 2014 424 2077; x_wconf 86' lang='lat' dir='ltr'>donec</span> <span class='ocrx_word' id='word_1_120' title='bbox 447 2012 566 2076; x_wconf 86' lang='lat' dir='ltr'>invicta</span> <span class='ocrx_word' id='word_1_121' title='bbox 596 2010 735 2075; x_wconf 82' lang='lat' dir='ltr'>felicitas</span> <span class='ocrx_word' id='word_1_122' title='bbox 757 2010 854 2074; x_wconf 88' lang='lat' dir='ltr'>finem</span> <span class='ocrx_word' id='word_1_123' title='bbox 876 2009 969 2074; x_wconf 89' lang='lat' dir='ltr'>malis</span> <span class='ocrx_word' id='word_1_124' title='bbox 992 2011 1146 2094; x_wconf 89' lang='lat' dir='ltr'>imponat.</span> <span class='ocrx_word' id='word_1_125' title='bbox 1191 2009 1280 2075; x_wconf 83' lang='lat' dir='ltr'>&#39;Pulit</span> 
     </span>
     <span class='ocr_line' id='line_1_16' title="bbox 126 2113 1294 2202; baseline 0.002 -24"><span class='ocrx_word' id='word_1_126' title='bbox 126 2121 155 2179; x_wconf 86' lang='lat' dir='ltr'>et</span> <span class='ocrx_word' id='word_1_127' title='bbox 177 2117 237 2183; x_wconf 91' lang='lat' dir='ltr'>hoc</span> <span class='ocrx_word' id='word_1_128' title='bbox 253 2119 432 2202; x_wconf 86' lang='lat' dir='ltr'>priscorum</span> <span class='ocrx_word' id='word_1_129' title='bbox 446 2123 515 2182; x_wconf 88' lang='lat' dir='ltr'>etas</span> <span class='ocrx_word' id='word_1_130' title='bbox 530 2123 608 2181; x_wconf 78' lang='lat' dir='ltr'>stc«</span> <span class='ocrx_word' id='word_1_131' title='bbox 657 2113 839 2180; x_wconf 83' lang='lat' dir='ltr'>Vindictam</span> <span class='ocrx_word' id='word_1_132' title='bbox 862 2117 1076 2199; x_wconf 85' lang='lat' dir='ltr'>spectabimus</span> <span class='ocrx_word' id='word_1_133' title='bbox 1098 2137 1117 2180; x_wconf 92' lang='lat' dir='ltr'>a</span> <span class='ocrx_word' id='word_1_134' title='bbox 1142 2116 1294 2195; x_wconf 60' lang='lat' dir='ltr'>domino„</span> 
     </span>
     <span class='ocr_line' id='line_1_17' title="bbox 124 2221 1281 2307; baseline -0.002 -20"><span class='ocrx_word' id='word_1_135' title='bbox 124 2258 165 2268; x_wconf 84' lang='lat'>—</span> <span class='ocrx_word' id='word_1_136' title='bbox 180 2221 321 2290; x_wconf 83' lang='lat' dir='ltr'>Silencio</span> <span class='ocrx_word' id='word_1_137' title='bbox 342 2224 499 2307; x_wconf 87' lang='lat' dir='ltr'>preterire</span> <span class='ocrx_word' id='word_1_138' title='bbox 520 2222 622 2287; x_wconf 91' lang='lat' dir='ltr'>multa</span> <span class='ocrx_word' id='word_1_139' title='bbox 644 2241 758 2306; x_wconf 81' lang='lat' dir='ltr'>cogor,</span> <span class='ocrx_word' id='word_1_140' title='bbox 794 2221 907 2286; x_wconf 88' lang='lat' dir='ltr'>elicere</span> <span class='ocrx_word' id='word_1_141' title='bbox 931 2244 985 2287; x_wconf 92' lang='lat' dir='ltr'>vos</span> <span class='ocrx_word' id='word_1_142' title='bbox 1007 2243 1045 2286; x_wconf 84' lang='lat' dir='ltr'>ex</span> <span class='ocrx_word' id='word_1_143' title='bbox 1078 2223 1186 2305; x_wconf 89' lang='lat' dir='ltr'>paucis</span> <span class='ocrx_word' id='word_1_144' title='bbox 1208 2223 1281 2306; x_wconf 94' lang='lat' dir='ltr'>plu·</span> 
     </span>
     <span class='ocr_line' id='line_1_18' title="bbox 126 2329 303 2395; baseline 0.017 -6"><span class='ocrx_word' id='word_1_145' title='bbox 126 2329 205 2392; x_wconf 89' lang='lat' dir='ltr'>rima</span> <span class='ocrx_word' id='word_1_146' title='bbox 226 2330 303 2395; x_wconf 91' lang='lat' dir='ltr'>scio.</span> 
     </span>
    </p>

    <p class='ocr_par' dir='ltr' id='par_1_3' title="bbox 124 2431 1283 4195">
     <span class='ocr_line' id='line_1_19' title="bbox 210 2431 1281 2520; baseline -0.001 -22"><span class='ocrx_word' id='word_1_147' title='bbox 210 2433 259 2500; x_wconf 90' lang='lat' dir='ltr'>De</span> <span class='ocrx_word' id='word_1_148' title='bbox 283 2455 319 2500; x_wconf 91' lang='lat' dir='ltr'>eo</span> <span class='ocrx_word' id='word_1_149' title='bbox 343 2435 425 2520; x_wconf 92' lang='lat' dir='ltr'>quod</span> <span class='ocrx_word' id='word_1_150' title='bbox 460 2432 622 2511; x_wconf 87' lang='lat' dir='ltr'>scribitis,</span> <span class='ocrx_word' id='word_1_151' title='bbox 656 2431 796 2496; x_wconf 87' lang='lat' dir='ltr'>Ytaliam</span> <span class='ocrx_word' id='word_1_152' title='bbox 821 2432 958 2497; x_wconf 88' lang='lat' dir='ltr'>avaricie</span> <span class='ocrx_word' id='word_1_153' title='bbox 980 2434 1116 2516; x_wconf 88' lang='lat' dir='ltr'>patriam</span> <span class='ocrx_word' id='word_1_154' title='bbox 1141 2455 1225 2511; x_wconf 87' lang='lat' dir='ltr'>esse,</span> <span class='ocrx_word' id='word_1_155' title='bbox 1255 2435 1281 2497; x_wconf 91' lang='lat' dir='ltr'>si</span> 
     </span>
     <span class='ocr_line' id='line_1_20' title="bbox 127 2536 1280 2624; baseline 0.003 -25"><span class='ocrx_word' id='word_1_156' title='bbox 127 2536 184 2602; x_wconf 90' lang='lat' dir='ltr'>hoo</span> <span class='ocrx_word' id='word_1_157' title='bbox 206 2540 304 2605; x_wconf 86' lang='lat' dir='ltr'>fateri</span> <span class='ocrx_word' id='word_1_158' title='bbox 326 2543 466 2622; x_wconf 91' lang='lat' dir='ltr'>oportet,</span> <span class='ocrx_word' id='word_1_159' title='bbox 489 2543 567 2602; x_wconf 90' lang='lat' dir='ltr'>tunc</span> <span class='ocrx_word' id='word_1_160' title='bbox 598 2537 706 2620; x_wconf 90' lang='lat' dir='ltr'>plures</span> <span class='ocrx_word' id='word_1_161' title='bbox 730 2559 768 2600; x_wconf 88' lang='lat' dir='ltr'>ex</span> <span class='ocrx_word' id='word_1_162' title='bbox 792 2559 825 2600; x_wconf 92' lang='lat' dir='ltr'>se</span> <span class='ocrx_word' id='word_1_163' title='bbox 848 2538 962 2622; x_wconf 82' lang='lat' dir='ltr'>genuit</span> <span class='ocrx_word' id='word_1_164' title='bbox 985 2538 1044 2602; x_wconf 91' lang='lat' dir='ltr'>hoc</span> <span class='ocrx_word' id='word_1_165' title='bbox 1068 2537 1153 2603; x_wconf 90' lang='lat' dir='ltr'>malo</span> <span class='ocrx_word' id='word_1_166' title='bbox 1175 2540 1280 2624; x_wconf 92' lang='lat' dir='ltr'>inqui·</span> 
     </span>
     <span class='ocr_line' id='line_1_21' title="bbox 127 2641 1282 2730; baseline 0.002 -24"><span class='ocrx_word' id='word_1_167' title='bbox 127 2648 226 2725; x_wconf 90' lang='lat' dir='ltr'>natos,</span> <span class='ocrx_word' id='word_1_168' title='bbox 244 2667 324 2730; x_wconf 90' lang='lat' dir='ltr'>quos</span> <span class='ocrx_word' id='word_1_169' title='bbox 339 2645 379 2709; x_wconf 89' lang='lat' dir='ltr'>ad</span> <span class='ocrx_word' id='word_1_170' title='bbox 394 2665 451 2708; x_wconf 92' lang='lat' dir='ltr'>nos</span> <span class='ocrx_word' id='word_1_171' title='bbox 466 2641 657 2706; x_wconf 91' lang='lat' dir='ltr'>suamalicia</span> <span class='ocrx_word' id='word_1_172' title='bbox 674 2643 853 2706; x_wconf 89' lang='lat' dir='ltr'>transmisit</span> <span class='ocrx_word' id='word_1_173' title='bbox 868 2647 900 2705; x_wconf 88' lang='lat' dir='ltr'>et</span> <span class='ocrx_word' id='word_1_174' title='bbox 923 2663 1045 2721; x_wconf 90' lang='lat' dir='ltr'>vereor,</span> <span class='ocrx_word' id='word_1_175' title='bbox 1069 2664 1108 2707; x_wconf 90' lang='lat' dir='ltr'>ne</span> <span class='ocrx_word' id='word_1_176' title='bbox 1125 2646 1282 2725; x_wconf 90' lang='lat' dir='ltr'>procreati</span> 
     </span>
     <span class='ocr_line' id='line_1_22' title="bbox 124 2746 1281 2834; baseline 0.003 -24"><span class='ocrx_word' id='word_1_177' title='bbox 124 2770 160 2812; x_wconf 82' lang='lat' dir='ltr'>ex</span> <span class='ocrx_word' id='word_1_178' title='bbox 183 2750 228 2815; x_wconf 92' lang='lat' dir='ltr'>eis</span> <span class='ocrx_word' id='word_1_179' title='bbox 251 2751 375 2834; x_wconf 88' lang='lat' dir='ltr'>peiores</span> <span class='ocrx_word' id='word_1_180' title='bbox 399 2753 499 2813; x_wconf 87' lang='lat' dir='ltr'>matre</span> <span class='ocrx_word' id='word_1_181' title='bbox 522 2748 670 2811; x_wconf 84' lang='lat' dir='ltr'>existant.</span> <span class='ocrx_word' id='word_1_182' title='bbox 721 2746 759 2810; x_wconf 73' lang='lat' dir='ltr'>Et</span> <span class='ocrx_word' id='word_1_183' title='bbox 782 2748 808 2809; x_wconf 92' lang='lat' dir='ltr'>si</span> <span class='ocrx_word' id='word_1_184' title='bbox 838 2747 977 2811; x_wconf 87' lang='lat' dir='ltr'>avaricia</span> <span class='ocrx_word' id='word_1_185' title='bbox 1010 2750 1127 2812; x_wconf 91' lang='lat' dir='ltr'>nostris</span> <span class='ocrx_word' id='word_1_186' title='bbox 1150 2751 1182 2812; x_wconf 94' lang='lat' dir='ltr'>in</span> <span class='ocrx_word' id='word_1_187' title='bbox 1207 2772 1281 2833; x_wconf 89' lang='lat' dir='ltr'>par-</span> 
     </span>
     <span class='ocr_line' id='line_1_23' title="bbox 125 2853 1281 2938; baseline 0.002 -22"><span class='ocrx_word' id='word_1_188' title='bbox 125 2853 209 2918; x_wconf 88' lang='lat' dir='ltr'>tibus</span> <span class='ocrx_word' id='word_1_189' title='bbox 231 2856 357 2920; x_wconf 89' lang='lat' dir='ltr'>laudem</span> <span class='ocrx_word' id='word_1_190' title='bbox 373 2854 503 2919; x_wconf 86' lang='lat' dir='ltr'>virtutis</span> <span class='ocrx_word' id='word_1_191' title='bbox 526 2853 737 2938; x_wconf 85' lang='lat' dir='ltr'>extingueret,</span> <span class='ocrx_word' id='word_1_192' title='bbox 762 2873 890 2936; x_wconf 89' lang='lat' dir='ltr'>quoquo</span> <span class='ocrx_word' id='word_1_193' title='bbox 916 2853 1016 2917; x_wconf 88' lang='lat' dir='ltr'>aciem</span> <span class='ocrx_word' id='word_1_194' title='bbox 1030 2854 1146 2918; x_wconf 89' lang='lat' dir='ltr'>mentis</span> <span class='ocrx_word' id='word_1_195' title='bbox 1169 2854 1281 2920; x_wconf 87' lang='lat' dir='ltr'>deflec-</span> 
     </span>
     <span class='ocr_line' id='line_1_24' title="bbox 127 2958 1281 3043; baseline 0.002 -21"><span class='ocrx_word' id='word_1_196' title='bbox 127 2963 284 3039; x_wconf 87' lang='lat' dir='ltr'>teremus,</span> <span class='ocrx_word' id='word_1_197' title='bbox 317 2962 480 3025; x_wconf 81' lang='lat' dir='ltr'>adstarent</span> <span class='ocrx_word' id='word_1_198' title='bbox 507 2959 598 3023; x_wconf 91' lang='lat' dir='ltr'>nobis</span> <span class='ocrx_word' id='word_1_199' title='bbox 622 2960 810 3024; x_wconf 87' lang='lat' dir='ltr'>documenta</span> <span class='ocrx_word' id='word_1_200' title='bbox 837 2959 916 3024; x_wconf 90' lang='lat' dir='ltr'>haut</span> <span class='ocrx_word' id='word_1_201' title='bbox 938 2958 1015 3024; x_wconf 87' lang='lat' dir='ltr'>vilia</span> <span class='ocrx_word' id='word_1_202' title='bbox 1048 2963 1079 3022; x_wconf 87' lang='lat' dir='ltr'>et</span> <span class='ocrx_word' id='word_1_203' title='bbox 1103 2960 1227 3043; x_wconf 88' lang='lat' dir='ltr'>private</span> <span class='ocrx_word' id='word_1_204' title='bbox 1250 2967 1281 3025; x_wconf 91' lang='lat' dir='ltr'>et</span> 
     </span>
     <span class='ocr_line' id='line_1_25' title="bbox 128 3063 1282 3156; baseline 0.001 -28"><span class='ocrx_word' id='word_1_205' title='bbox 128 3065 252 3144; x_wconf 92' lang='lat' dir='ltr'>publice</span> <span class='ocrx_word' id='word_1_206' title='bbox 274 3065 420 3156; x_wconf 80' lang='lat' dir='ltr'>avaricie,</span> <span class='ocrx_word' id='word_1_207' title='bbox 443 3069 480 3128; x_wconf 89' lang='lat' dir='ltr'>ut</span> <span class='ocrx_word' id='word_1_208' title='bbox 503 3065 531 3128; x_wconf 92' lang='lat' dir='ltr'>si</span> <span class='ocrx_word' id='word_1_209' title='bbox 547 3085 657 3129; x_wconf 89' lang='lat' dir='ltr'>avaros</span> <span class='ocrx_word' id='word_1_210' title='bbox 672 3063 930 3128; x_wconf 86' lang='lat' dir='ltr'>existimaremus</span> <span class='ocrx_word' id='word_1_211' title='bbox 947 3064 1189 3148; x_wconf 84' lang='lat' dir='ltr'>redarguendos,</span> <span class='ocrx_word' id='word_1_212' title='bbox 1209 3066 1282 3129; x_wconf 90' lang='lat' dir='ltr'>uni·</span> 
     </span>
     <span class='ocr_line' id='line_1_26' title="bbox 126 3169 1283 3256; baseline 0.003 -26"><span class='ocrx_word' id='word_1_213' title='bbox 126 3189 232 3234; x_wconf 88' lang='lat' dir='ltr'>versus</span> <span class='ocrx_word' id='word_1_214' title='bbox 264 3171 356 3235; x_wconf 89' lang='lat' dir='ltr'>nobis</span> <span class='ocrx_word' id='word_1_215' title='bbox 386 3172 468 3234; x_wconf 85' lang='lat' dir='ltr'>esset</span> <span class='ocrx_word' id='word_1_216' title='bbox 492 3169 767 3253; x_wconf 89' lang='lat' dir='ltr'>reprehendendus</span> <span class='ocrx_word' id='word_1_217' title='bbox 791 3174 951 3234; x_wconf 86' lang='lat' dir='ltr'>terrarum</span> <span class='ocrx_word' id='word_1_218' title='bbox 973 3172 1080 3250; x_wconf 92' lang='lat' dir='ltr'>orbis,</span> <span class='ocrx_word' id='word_1_219' title='bbox 1115 3176 1283 3256; x_wconf 88' lang='lat' dir='ltr'>totumque</span> 
     </span>
     <span class='ocr_line' id='line_1_27' title="bbox 129 3276 1282 3364; baseline 0.001 -26"><span class='ocrx_word' id='word_1_220' title='bbox 129 3293 226 3355; x_wconf 71' lang='lat' dir='ltr'>genus</span> <span class='ocrx_word' id='word_1_221' title='bbox 251 3276 425 3364; x_wconf 84' lang='lat' dir='ltr'>humanum</span> <span class='ocrx_word' id='word_1_222' title='bbox 454 3280 539 3340; x_wconf 89' lang='lat' dir='ltr'>esset</span> <span class='ocrx_word' id='word_1_223' title='bbox 562 3277 792 3340; x_wconf 88' lang='lat' dir='ltr'>immutandum</span> <span class='ocrx_word' id='word_1_224' title='bbox 817 3276 849 3339; x_wconf 93' lang='lat' dir='ltr'>in</span> <span class='ocrx_word' id='word_1_225' title='bbox 874 3277 953 3340; x_wconf 91' lang='lat' dir='ltr'>alios</span> <span class='ocrx_word' id='word_1_226' title='bbox 981 3297 1100 3353; x_wconf 85' lang='lat' dir='ltr'>mores,</span> <span class='ocrx_word' id='word_1_227' title='bbox 1131 3277 1163 3340; x_wconf 92' lang='lat' dir='ltr'>in</span> <span class='ocrx_word' id='word_1_228' title='bbox 1187 3276 1282 3340; x_wconf 85' lang='lat' dir='ltr'>aliam</span> 
     </span>
     <span class='ocr_line' id='line_1_28' title="bbox 130 3379 1281 3464; baseline 0.003 -23"><span class='ocrx_word' id='word_1_229' title='bbox 130 3379 257 3446; x_wconf 92' lang='lat' dir='ltr'>vivendi</span> <span class='ocrx_word' id='word_1_230' title='bbox 279 3381 529 3446; x_wconf 88' lang='lat' dir='ltr'>institucionem.</span> <span class='ocrx_word' id='word_1_231' title='bbox 585 3379 686 3444; x_wconf 92' lang='lat' dir='ltr'>Nobis</span> <span class='ocrx_word' id='word_1_232' title='bbox 710 3401 804 3462; x_wconf 92' lang='lat' dir='ltr'>quam</span> <span class='ocrx_word' id='word_1_233' title='bbox 829 3381 976 3464; x_wconf 92' lang='lat' dir='ltr'>pluribus</span> <span class='ocrx_word' id='word_1_234' title='bbox 1007 3381 1090 3445; x_wconf 88' lang='lat' dir='ltr'>enim</span> <span class='ocrx_word' id='word_1_235' title='bbox 1114 3382 1191 3445; x_wconf 91' lang='lat' dir='ltr'>adeo</span> <span class='ocrx_word' id='word_1_236' title='bbox 1213 3382 1281 3445; x_wconf 94' lang='lat' dir='ltr'>ino-</span> 
     </span>
     <span class='ocr_line' id='line_1_29' title="bbox 129 3482 1281 3569; baseline 0.003 -23"><span class='ocrx_word' id='word_1_237' title='bbox 129 3482 206 3550; x_wconf 90' lang='lat' dir='ltr'>levit</span> <span class='ocrx_word' id='word_1_238' title='bbox 228 3485 361 3569; x_wconf 88' lang='lat' dir='ltr'>pecunie</span> <span class='ocrx_word' id='word_1_239' title='bbox 384 3485 550 3568; x_wconf 84' lang='lat' dir='ltr'>cupiditas,</span> <span class='ocrx_word' id='word_1_240' title='bbox 574 3490 696 3548; x_wconf 90' lang='lat' dir='ltr'>utnon</span> <span class='ocrx_word' id='word_1_241' title='bbox 720 3485 837 3548; x_wconf 92' lang='lat' dir='ltr'>vicium</span> <span class='ocrx_word' id='word_1_242' title='bbox 861 3489 908 3549; x_wconf 90' lang='lat' dir='ltr'>set</span> <span class='ocrx_word' id='word_1_243' title='bbox 928 3485 1030 3549; x_wconf 86' lang='lat' dir='ltr'>virtus</span> <span class='ocrx_word' id='word_1_244' title='bbox 1053 3490 1185 3569; x_wconf 89' lang='lat' dir='ltr'>putetur</span> <span class='ocrx_word' id='word_1_245' title='bbox 1207 3507 1281 3549; x_wconf 90' lang='lat' dir='ltr'>ava-</span> 
     </span>
     <span class='ocr_line' id='line_1_30' title="bbox 130 3587 1282 3674; baseline 0.004 -25"><span class='ocrx_word' id='word_1_246' title='bbox 130 3589 213 3670; x_wconf 87' lang='lat' dir='ltr'>ricia,</span> <span class='ocrx_word' id='word_1_247' title='bbox 238 3595 270 3655; x_wconf 88' lang='lat' dir='ltr'>et</span> <span class='ocrx_word' id='word_1_248' title='bbox 286 3611 348 3673; x_wconf 92' lang='lat' dir='ltr'>quo</span> <span class='ocrx_word' id='word_1_249' title='bbox 364 3590 435 3674; x_wconf 89' lang='lat' dir='ltr'>quis</span> <span class='ocrx_word' id='word_1_250' title='bbox 451 3589 549 3653; x_wconf 93' lang='lat' dir='ltr'>ditior</span> <span class='ocrx_word' id='word_1_251' title='bbox 564 3589 615 3667; x_wconf 90' lang='lat' dir='ltr'>sit,</span> <span class='ocrx_word' id='word_1_252' title='bbox 639 3587 813 3652; x_wconf 85' lang='lat' dir='ltr'>honoretur</span> <span class='ocrx_word' id='word_1_253' title='bbox 830 3589 940 3673; x_wconf 87' lang='lat' dir='ltr'>magis.</span> <span class='ocrx_word' id='word_1_254' title='bbox 975 3588 1200 3654; x_wconf 86' lang='lat' dir='ltr'>Percurremus</span> <span class='ocrx_word' id='word_1_255' title='bbox 1217 3591 1282 3654; x_wconf 91' lang='lat' dir='ltr'>siu-</span> 
     </span>
     <span class='ocr_line' id='line_1_31' title="bbox 130 3693 1283 3779; baseline 0.002 -23"><span class='ocrx_word' id='word_1_256' title='bbox 130 3693 213 3775; x_wconf 85' lang='lat' dir='ltr'>gula,</span> <span class='ocrx_word' id='word_1_257' title='bbox 238 3694 355 3779; x_wconf 92' lang='lat' dir='ltr'>quein</span> <span class='ocrx_word' id='word_1_258' title='bbox 378 3693 438 3758; x_wconf 91' lang='lat' dir='ltr'>hoc</span> <span class='ocrx_word' id='word_1_259' title='bbox 460 3699 628 3758; x_wconf 88' lang='lat' dir='ltr'>versantur</span> <span class='ocrx_word' id='word_1_260' title='bbox 651 3693 768 3757; x_wconf 91' lang='lat' dir='ltr'>mundo</span> <span class='ocrx_word' id='word_1_261' title='bbox 801 3695 950 3776; x_wconf 82' lang='lat' dir='ltr'>negocia,</span> <span class='ocrx_word' id='word_1_262' title='bbox 982 3701 1048 3758; x_wconf 91' lang='lat' dir='ltr'>tam</span> <span class='ocrx_word' id='word_1_263' title='bbox 1071 3693 1283 3760; x_wconf 87' lang='lat' dir='ltr'>ecclesiastica</span> 
     </span>
     <span class='ocr_line' id='line_1_32' title="bbox 134 3798 1282 3883; baseline 0 -21"><span class='ocrx_word' id='word_1_264' title='bbox 134 3819 224 3880; x_wconf 90' lang='lat' dir='ltr'>quam</span> <span class='ocrx_word' id='word_1_265' title='bbox 248 3798 413 3877; x_wconf 88' lang='lat' dir='ltr'>secularia,</span> <span class='ocrx_word' id='word_1_266' title='bbox 437 3803 469 3862; x_wconf 93' lang='lat' dir='ltr'>et</span> <span class='ocrx_word' id='word_1_267' title='bbox 491 3799 684 3864; x_wconf 90' lang='lat' dir='ltr'>racionema</span> <span class='ocrx_word' id='word_1_268' title='bbox 706 3799 844 3862; x_wconf 87' lang='lat' dir='ltr'>maximo</span> <span class='ocrx_word' id='word_1_269' title='bbox 867 3820 966 3883; x_wconf 87' lang='lat' dir='ltr'>usquc</span> <span class='ocrx_word' id='word_1_270' title='bbox 981 3800 1019 3864; x_wconf 88' lang='lat' dir='ltr'>ad</span> <span class='ocrx_word' id='word_1_271' title='bbox 1044 3799 1210 3864; x_wconf 89' lang='lat' dir='ltr'>minimum</span> <span class='ocrx_word' id='word_1_272' title='bbox 1233 3799 1282 3863; x_wconf 88' lang='lat' dir='ltr'>fa-</span> 
     </span>
     <span class='ocr_line' id='line_1_33' title="bbox 131 3903 1281 3990; baseline 0.003 -25"><span class='ocrx_word' id='word_1_273' title='bbox 131 3903 256 3983; x_wconf 87' lang='lat' dir='ltr'>ciamus,</span> <span class='ocrx_word' id='word_1_274' title='bbox 279 3926 383 3969; x_wconf 91' lang='lat' dir='ltr'>nonne</span> <span class='ocrx_word' id='word_1_275' title='bbox 405 3904 543 3968; x_wconf 88' lang='lat' dir='ltr'>avaricie</span> <span class='ocrx_word' id='word_1_276' title='bbox 567 3908 599 3967; x_wconf 88' lang='lat' dir='ltr'>et</span> <span class='ocrx_word' id='word_1_277' title='bbox 620 3904 753 3987; x_wconf 88' lang='lat' dir='ltr'>pecunie</span> <span class='ocrx_word' id='word_1_278' title='bbox 777 3925 870 3968; x_wconf 89' lang='lat' dir='ltr'>causa</span> <span class='ocrx_word' id='word_1_279' title='bbox 886 3906 969 3970; x_wconf 91' lang='lat' dir='ltr'>fiunt</span> <span class='ocrx_word' id='word_1_280' title='bbox 991 3906 1106 3985; x_wconf 91' lang='lat' dir='ltr'>omnia,</span> <span class='ocrx_word' id='word_1_281' title='bbox 1131 3905 1206 3990; x_wconf 92' lang='lat' dir='ltr'>quia</span> <span class='ocrx_word' id='word_1_282' title='bbox 1230 3926 1281 3969; x_wconf 89' lang='lat' dir='ltr'>oo-</span> 
     </span>
     <span class='ocr_line' id='line_1_34' title="bbox 131 4006 1281 4094; baseline 0.002 -24"><span class='ocrx_word' id='word_1_283' title='bbox 131 4010 221 4074; x_wconf 91' lang='lat' dir='ltr'>moda</span> <span class='ocrx_word' id='word_1_284' title='bbox 241 4013 351 4074; x_wconf 87' lang='lat' dir='ltr'>nostra</span> <span class='ocrx_word' id='word_1_285' title='bbox 373 4007 439 4072; x_wconf 83' lang='lat' dir='ltr'>fere</span> <span class='ocrx_word' id='word_1_286' title='bbox 462 4007 596 4090; x_wconf 90' lang='lat' dir='ltr'>pecunia</span> <span class='ocrx_word' id='word_1_287' title='bbox 618 4010 817 4090; x_wconf 77' lang='lat' dir='ltr'>pensantur?</span> <span class='ocrx_word' id='word_1_288' title='bbox 854 4006 996 4072; x_wconf 73' lang='lat' dir='ltr'>Nonne²</span> <span class='ocrx_word' id='word_1_289' title='bbox 1034 4010 1089 4094; x_wconf 90' lang='lat' dir='ltr'>qui</span> <span class='ocrx_word' id='word_1_290' title='bbox 1112 4032 1145 4073; x_wconf 89' lang='lat' dir='ltr'>se</span> <span class='ocrx_word' id='word_1_291' title='bbox 1168 4011 1206 4074; x_wconf 87' lang='lat' dir='ltr'>ad</span> <span class='ocrx_word' id='word_1_292' title='bbox 1230 4033 1281 4072; x_wconf 89' lang='lat' dir='ltr'>ar-</span> 
     </span>
     <span class='ocr_line' id='line_1_35' title="bbox 135 4111 1283 4195; baseline 0.002 -20"><span class='ocrx_word' id='word_1_293' title='bbox 135 4113 214 4178; x_wconf 90' lang='lat' dir='ltr'>cium</span> <span class='ocrx_word' id='word_1_294' title='bbox 238 4113 420 4179; x_wconf 90' lang='lat' dir='ltr'>liberalium</span> <span class='ocrx_word' id='word_1_295' title='bbox 435 4113 540 4177; x_wconf 88' lang='lat' dir='ltr'>studia</span> <span class='ocrx_word' id='word_1_296' title='bbox 563 4111 742 4190; x_wconf 88' lang='lat' dir='ltr'>conferunt,</span> <span class='ocrx_word' id='word_1_297' title='bbox 760 4115 889 4195; x_wconf 89' lang='lat' dir='ltr'>questus</span> <span class='ocrx_word' id='word_1_298' title='bbox 904 4114 1056 4179; x_wconf 89' lang='lat' dir='ltr'>aviditate</span> <span class='ocrx_word' id='word_1_299' title='bbox 1075 4115 1135 4178; x_wconf 92' lang='lat' dir='ltr'>hoc</span> <span class='ocrx_word' id='word_1_300' title='bbox 1151 4115 1283 4194; x_wconf 82' lang='lat' dir='ltr'>faciunt,</span> 
     </span>
    </p>
   </div>
   <div class='ocr_carea' id='block_1_3' title="bbox 133 4217 1281 4352">
    <p class='ocr_par' dir='ltr' id='par_1_4' title="bbox 133 4217 1281 4352">
     <span class='ocr_line' id='line_1_36' title="bbox 133 4217 1281 4305; baseline 0.002 -25"><span class='ocrx_word' id='word_1_301' title='bbox 133 4222 281 4305; x_wconf 90' lang='lat' dir='ltr'>utquam</span> <span class='ocrx_word' id='word_1_302' title='bbox 306 4219 445 4302; x_wconf 92' lang='lat' dir='ltr'>primum</span> <span class='ocrx_word' id='word_1_303' title='bbox 467 4217 655 4283; x_wconf 87' lang='lat' dir='ltr'>facultatem</span> <span class='ocrx_word' id='word_1_304' title='bbox 678 4238 767 4281; x_wconf 89' lang='lat' dir='ltr'>suam</span> <span class='ocrx_word' id='word_1_305' title='bbox 802 4220 834 4281; x_wconf 92' lang='lat' dir='ltr'>in</span> <span class='ocrx_word' id='word_1_306' title='bbox 852 4219 990 4283; x_wconf 92' lang='lat' dir='ltr'>medium</span> <span class='ocrx_word' id='word_1_307' title='bbox 1007 4219 1182 4302; x_wconf 85' lang='lat' dir='ltr'>proferant,</span> <span class='ocrx_word' id='word_1_308' title='bbox 1208 4241 1281 4282; x_wconf 91' lang='lat' dir='ltr'>ven-</span> 
     </span>
     <span class='ocr_line' id='line_1_37' title="bbox 694 4321 710 4352; baseline 0 0"><span class='ocrx_word' id='word_1_309' title='bbox 694 4321 710 4352; x_wconf 60' lang='lat' dir='ltr'><strong>D</strong></span> 
     </span>
    </p>
   </div>
   <div class='ocr_carea' id='block_1_4' title="bbox 133 4372 1284 4620">
    <p class='ocr_par' dir='ltr' id='par_1_5' title="bbox 133 4372 1284 4620">
     <span class='ocr_line' id='line_1_38' title="bbox 202 4372 1283 4443; baseline -0.001 -15"><span class='ocrx_word' id='word_1_310' title='bbox 202 4374 270 4430; x_wconf 86' lang='lat' dir='ltr'>lSo</span> <span class='ocrx_word' id='word_1_311' title='bbox 288 4373 388 4437; x_wconf 59' lang='lat' dir='ltr'>codem</span> <span class='ocrx_word' id='word_1_312' title='bbox 406 4372 602 4443; x_wconf 71' lang='lat' dir='ltr'>[blesitacione</span> <span class='ocrx_word' id='word_1_313' title='bbox 629 4392 663 4428; x_wconf 81' lang='lat' dir='ltr'>au</span> <span class='ocrx_word' id='word_1_314' title='bbox 691 4373 824 4430; x_wconf 85' lang='lat' dir='ltr'>bessem?</span> <span class='ocrx_word' id='word_1_315' title='bbox 894 4375 986 4428; x_wconf 80' lang='lat' dir='ltr'>2Des</span> <span class='ocrx_word' id='word_1_316' title='bbox 1011 4372 1141 4442; x_wconf 84' lang='lat' dir='ltr'>folgende</span> <span class='ocrx_word' id='word_1_317' title='bbox 1159 4374 1202 4428; x_wconf 91' lang='lat' dir='ltr'>bis</span> <span class='ocrx_word' id='word_1_318' title='bbox 1220 4390 1283 4427; x_wconf 84' lang='lat' dir='ltr'>num</span> 
     </span>
     <span class='ocr_line' id='line_1_39' title="bbox 133 4459 1284 4530; baseline 0.003 -18"><span class='ocrx_word' id='word_1_319' title='bbox 133 4459 234 4515; x_wconf 84' lang='lat' dir='ltr'>schluss</span> <span class='ocrx_word' id='word_1_320' title='bbox 258 4460 307 4515; x_wconf 87' lang='lat' dir='ltr'>des</span> <span class='ocrx_word' id='word_1_321' title='bbox 325 4460 452 4516; x_wconf 82' lang='lat' dir='ltr'>absatnes</span> <span class='ocrx_word' id='word_1_322' title='bbox 472 4462 665 4529; x_wconf 76' lang='lat' dir='ltr'>grosstenteils</span> <span class='ocrx_word' id='word_1_323' title='bbox 690 4461 819 4517; x_wconf 77' lang='lat' dir='ltr'>wortlioh</span> <span class='ocrx_word' id='word_1_324' title='bbox 838 4479 887 4517; x_wconf 90' lang='lat' dir='ltr'>aus</span> <span class='ocrx_word' id='word_1_325' title='bbox 905 4459 1031 4530; x_wconf 62' lang='lat' dir='ltr'>reggio,</span> <span class='ocrx_word' id='word_1_326' title='bbox 1051 4459 1212 4516; x_wconf 79' lang='lat' dir='ltr'>convivalis</span> <span class='ocrx_word' id='word_1_327' title='bbox 1230 4461 1284 4516; x_wconf 89' lang='lat' dir='ltr'>dis·</span> 
     </span>
     <span class='ocr_line' id='line_1_40' title="bbox 136 4546 1087 4620; baseline 0 -20"><span class='ocrx_word' id='word_1_328' title='bbox 136 4548 242 4617; x_wconf 86' lang='lat' dir='ltr'>captiva</span> <span class='ocrx_word' id='word_1_329' title='bbox 261 4547 379 4603; x_wconf 85' lang='lat' dir='ltr'>historia</span> <span class='ocrx_word' id='word_1_330' title='bbox 398 4547 432 4602; x_wconf 90' lang='lat' dir='ltr'>de</span> <span class='ocrx_word' id='word_1_331' title='bbox 452 4547 576 4602; x_wconf 88' lang='lat' dir='ltr'>avaritia</span> <span class='ocrx_word' id='word_1_332' title='bbox 595 4547 676 4619; x_wconf 90' lang='lat' dir='ltr'>[Opp.</span> <span class='ocrx_word' id='word_1_333' title='bbox 694 4548 834 4620; x_wconf 88' lang='lat' dir='ltr'>(Basileae</span> <span class='ocrx_word' id='word_1_334' title='bbox 853 4550 932 4618; x_wconf 86' lang='grc'>1535)</span> <span class='ocrx_word' id='word_1_335' title='bbox 949 4565 976 4618; x_wconf 93' lang='lat' dir='ltr'>p.</span> <span class='ocrx_word' id='word_1_336' title='bbox 996 4547 1027 4602; x_wconf 83' lang='lat'>11</span> <span class='ocrx_word' id='word_1_337' title='bbox 1047 4546 1087 4618; x_wconf 86' lang='lat' dir='ltr'>ff.]</span> 
     </span>
    </p>
   </div>
   <div class='ocr_carea' id='block_1_5' title="bbox 0 0 1563 5244">
    <p class='ocr_par' dir='ltr' id='par_1_6' title="bbox 0 0 1563 5244">
     <span class='ocr_line' id='line_1_41' title="bbox 0 0 1563 5244; baseline 0 0"><span class='ocrx_word' id='word_1_338' title='bbox 0 0 1563 5244; x_wconf 95' lang='lat' dir='ltr'> </span> 
     </span>
    </p>
   </div>
  </div>
 </body>
</html>
