3106 5252
716 411 757 476 49

156 585 367 668 Erel[bacb]¹
405 591 437 651 et
462 586 533 650 fidei
555 591 588 649 et
615 587 786 652 iuramenti
817 586 943 668 prestiti
974 591 1007 650 et
1036 589 1167 671 proprie
1199 591 1312 655 salutis

154 693 287 776 penitus
308 693 475 762 immemor
491 693 791 758 inverecundissime
806 692 895 778 loqui
911 697 943 757 et
959 693 1064 758 iacere
1086 715 1148 758 non
1166 703 1310 780 expavet.

158 796 247 861 Dicit
271 798 365 874 enirn,
389 819 452 876 eos,
476 798 531 882 qui
557 798 649 862 modo
665 798 777 862 urbem
793 801 935 861 nostram
959 801 1086 881 regunt,
1110 798 1210 882 ipsam
1235 801 1312 864 civi·

156 906 258 966 tatem
282 903 314 965 in
339 907 412 967 octo
435 904 577 968 centenis
599 903 729 968 milibus
752 924 921 968 aureorum
944 902 1153 985 defraudasse,
1178 927 1313 991 quorum

156 1006 258 1091 aliqui
274 1006 369 1092 longe
385 1008 547 1093 digniores
562 1009 721 1093 supplicio
737 1013 852 1088 essent,
868 1030 964 1093 quam
977 1006 1151 1095 Jo[annes]
1163 1007 1312 1096 lle[der]²

158 1111 316 1176 extiterit.
363 1111 450 1176 Dicit
466 1113 606 1196 insuper,
630 1113 772 1197 quinque
787 1135 820 1177 se
836 1112 1006 1178 citaeiones
1028 1113 1202 1176 obtinuisse
1217 1135 1313 1196 super

162 1217 305 1301 quinque
327 1217 484 1299 separatis
508 1217 620 1295 causis,
645 1238 779 1301 quarum
805 1217 949 1300 quelibet
973 1238 1032 1301 pro
1054 1239 1137 1302 pena
1159 1217 1313 1282 reforma-

159 1320 284 1384 cionis⁸
308 1321 455 1387 sufficiat.
503 1319 575 1385 Non
599 1321 700 1397 video,
726 1321 808 1405 quod
826 1321 859 1384 iu
881 1320 1071 1387 cancellaria
1093 1343 1230 1406 eousque
1253 1322 1312 1386 ali-

159 1425 285 1511 qua(m)
317 1426 513 1508 expediverit
545 1427 596 1490 vel
631 1427 668 1490 de
700 1425 763 1509 hijs
796 1426 989 1492 mencionem
1019 1425 1142 1490 fecerit.
1202 1425 1313 1492 Estote

158 1531 261 1614 igitur
277 1531 513 1614 circumspecti,
528 1535 565 1595 nt
581 1531 728 1596 concordi
744 1535 921 1616 pacatoquc
936 1531 1043 1594 animo
1058 1531 1187 1615 singula
1201 1537 1313 1596 contra

157 1657 230 1699 eum
253 1635 388 1719 provide
409 1640 557 1718 agantur.
603 1634 641 1698 ln
665 1657 788 1700 summa
812 1636 894 1700 enim
918 1637 1023 1720 ipsum
1046 1635 1225 1700 delatorum
1252 1659 1311 1701 nu-

157 1761 249 1804 mero
279 1740 349 1804 iure
383 1739 505 1825 optimo
537 1740 785 1822 computandum
817 1761 937 1806 censeo.
993 1739 1107 1826 Neque
1137 1743 1221 1806 enim
1255 1743 1314 1807 boc

156 1850 302 1928 tempore
331 1844 427 1909 alicui
458 1844 531 1926 plus
561 1849 692 1928 patent,
731 1867 829 1928 quam
865 1846 999 1910 delatori
1027 1846 1183 1930 principis
1212 1869 1312 1912 aures.

158 1949 311 2015 Omnium
334 1951 444 2034 itaque
467 1970 595 2014 suorum
620 1951 811 2015 motivorum
839 1951 1046 2034 probacioues
1069 1954 1102 2015 et
1125 1952 1313 2016 documenta

160 2077 202 2118 ex
223 2056 302 2119 urbe
326 2060 432 2119 vestra
454 2076 564 2120 senon
582 2056 918 2136 dubitathabiturum,
943 2056 1027 2142 quod
1044 2057 1156 2121 auditu
1179 2057 1313 2124 horren·

157 2161 237 2247 dum
259 2160 542 2245 detestandumque
566 2167 623 2224 est.
670 2159 769 2225 Vobis
793 2161 922 2226 veroin
947 2162 1074 2241 unione,
1097 2183 1174 2244 pace
1196 2160 1312 2226 frater·

157 2287 265 2349 nsque
296 2265 430 2330 caritate
460 2264 555 2330 simul
578 2266 758 2330 viventibus
782 2267 849 2348 ipse
872 2287 986 2332 nocere
1007 2288 1070 2331 non
1094 2267 1224 2350 poterit,
1248 2267 1313 2331 dis-

161 2369 367 2434 cordantibus
385 2392 458 2435 vero
473 2370 648 2454 plurimum
661 2370 684 2436 ⁴.
724 2371 912 2437 Evellantnr
922 2393 999 2455 ergo
1017 2372 1128 2455 plante
1143 2372 1313 2455 degeneres

159 2479 197 2538 et
218 2475 292 2557 egui
317 2476 438 2556 rabidi,
462 2482 499 2540 ut
521 2476 644 2540 nobiles
667 2481 699 2540 et
722 2477 791 2540 sani
814 2479 1004 2560 contagione
1034 2499 1095 2542 nou
1120 2477 1314 2541 inficiantur.

158 2579 205 2643 Et
227 2601 297 2644 cum
321 2581 469 2646 civitates
494 2581 553 2646 boc
577 2588 720 2664 tempore
735 2582 923 2666 plerumque
945 2581 1011 2646 sole
1026 2582 1100 2660 sint,
1125 2581 1238 2645 vellem
1255 2603 1314 2662 pro

157 2691 343 2768 temporum
366 2688 515 2770 angustia
538 2684 646 2770 plures
676 2687 772 2751 simul
805 2709 871 2752 esse
905 2687 1010 2752 federe
1034 2693 1065 2750 et
1088 2686 1155 2769 liga
1178 2687 1313 2762 iunctas,

159 2791 319 2874 quomodo
354 2791 448 2856 dese
479 2792 558 2875 ipsis
581 2791 696 2856 confise
719 2792 902 2857 cottidianis
925 2792 1108 2875 crebrisque
1130 2789 1313 2871 insolencijs

158 2895 334 2960 animosius
367 2897 513 2961 resistere
544 2902 683 2980 possent.
729 2897 790 2960 Eas
821 2897 904 2962 euim
934 2901 967 2960 et
988 2896 1128 2961 abiectas
1151 2901 1183 2960 et
1206 2915 1314 2959 exosas

157 3000 307 3065 omnibns
337 3003 518 3082 comperio,
554 3005 590 3065 ut
620 3003 747 3085 quosvis
779 3001 956 3066 christiane
979 3001 1146 3085 religionis
1169 2999 1314 3063 inimicos

159 3142 204 3153 -
222 3126 298 3188 pace
313 3105 446 3168 dixerim
463 3143 498 3152 -
518 3106 596 3188 ipsis
623 3107 763 3190 prelatos
789 3107 923 3171 videam.
972 3106 1055 3171 Sunt
1069 3106 1205 3190 denique
1220 3125 1315 3186 super

158 3232 339 3290 numerum,
359 3211 414 3295 qni
432 3211 596 3275 civitatum
615 3212 684 3276 loco
700 3213 880 3295 planiciem,
895 3201 1008 3296 prata,
1022 3218 1151 3292 terram,
1175 3209 1315 3274 aratoria

162 3339 220 3382 seu
243 3317 350 3381 vineas
374 3339 440 3381 esse
468 3323 503 3380 ut
532 3319 628 3382 vitam
654 3319 833 3384 desiderent
855 3320 984 3402 diesque
1008 3317 1067 3398 [et]
1097 3321 1205 3380 noctes
1229 3317 1259 3378 id
1282 3336 1314 3377 se

159 3421 330 3487 effecturos
353 3424 537 3487 studebunt.
584 3422 768 3508 Numquam
792 3423 929 3506 deniqne
952 3423 1112 3487 comodins
1136 3442 1230 3504 qnam
1255 3421 1314 3483 hoc

158 3533 305 3610 tempore
323 3529 481 3610 supprimi
498 3529 643 3592 civitates
659 3533 843 3611 potueruut,
859 3549 941 3605 curn,
958 3529 995 3589 ut
1010 3525 1143 3608 predixi,
1159 3526 1224 3588 sole
1239 3523 1314 3601 sint,

162 3633 307 3717 quelibet
337 3633 472 3718 deniqne
502 3634 633 3697 alterius
662 3633 828 3698 incomoda
858 3654 891 3697 se
924 3636 1026 3695 tutam
1058 3634 1090 3694 et
1124 3628 1313 3707 dissimulat,

159 3738 282 3821 gaudet
305 3742 338 3802 et
360 3738 493 3817 letatur,
518 3739 616 3803 donec
633 3759 742 3802 omnes
757 3733 953 3822 sigillatiml
970 3738 1153 3800 evertentur
1168 3739 1265 3818 atque
1280 3735 1314 3795 in

157 3843 440 3926 irrecuperabilem
464 3843 605 3926 inopiam
636 3844 832 3926 redigentur.
877 3841 925 3906 Ve
948 3841 1033 3905 euim
1055 3840 1133 3919 soli,
1164 3841 1315 3923 quicum

731 3947 750 3985 a

234 4062 247 4114 1
269 4059 334 4128 Vgl.
354 4056 461 4115 sacar.
479 4057 514 4125 V,
532 4061 584 4114 296
603 4060 632 4116 ff.
669 4049 744 4116 Uber
765 4057 978 4114 bandschriften
999 4076 1048 4112 ans
1067 4075 1088 4114 s.
1107 4056 1194 4112 besitz
1213 4073 1232 4110 s.
1254 4055 1314 4110 Bei-

159 4155 246 4220 trtge
265 4169 288 4204 a.
310 4149 370 4203 ch
389 4148 564 4203 stciermtrlr.
589 4147 674 4214 G.Qu.
701 4146 803 4210 XXIII,
825 4147 838 4199 1
858 4146 885 4198 ff.
1026 4147 1042 4199 2
1062 4145 1125 4214 Vgl.
1153 4143 1260 4198 Sachr.
1282 4143 1313 4208 V,

159 4238 215 4294 239
233 4240 252 4297 f.
272 4256 298 4291 ιι.
317 4238 389 4292 285¹.
473 4235 576 4292 atine
594 4235 624 4289 in
651 4237 699 4292 der
726 4229 1315 4290 relormatiouFriedrichsIll.von1442

162 4327 339 4398 angedrohto
358 4325 466 4381 strate?
563 4325 677 4378 4Gann
704 4323 834 4378 dhnliche
860 4322 964 4389 klagen
991 4319 1058 4374 iiber
1076 4319 1121 4373 die
1139 4317 1316 4386 unciniglreit

160 4417 210 4472 der
229 4415 323 4470 attrito
341 4431 374 4468 au
393 4413 497 4468 diesem
512 4414 579 4484 jahr
597 4412 640 4468 bei
662 4410 790 4465 Barlaami
809 4408 880 4462 Zink
899 4404 1181 4479 [Stddtellhroniken
1195 4404 1228 4474 V]
1254 4406 1316 4461 231.

162 4509 178 4559 5
197 4526 232 4551 =
245 4501 422 4572 singillatim,
443 4501 600 4556 sunderlich
620 4519 639 4554 s.
660 4497 848 4559 Dieffenbnclr,
868 4495 955 4550 Gloss.
976 4512 996 4546 s.
1019 4512 1043 4548 v.
