3106 5252
826 451 868 518 28

819 666 874 738 12.

272 789 399 862 Ulricb
445 789 686 862 Gossembrot
731 811 780 860 an
819 787 1015 859 Hermann
1058 785 1222 860 Schedel.
1286 785 1423 882 [dugs-

707 909 815 1007 burg]
848 906 985 984 14581.

270 1063 334 1121 clm.
353 1062 405 1117 224
423 1065 441 1117 f.
461 1061 512 1117 358
526 1065 556 1099 Μ·
566 1060 593 1117 ff.
608 1059 745 1132 Original.
759 1092 792 1101 —
805 1059 931 1118 clm.424
949 1061 968 1115 f.
978 1061 1031 1116 318
1040 1060 1071 1116 ff.
1106 1059 1252 1115 Abschrilt
1264 1059 1423 1118 Hartmaun

353 1149 490 1207 Schedels.
528 1151 585 1203 Aua
602 1149 692 1205 dieser
717 1149 761 1204 die
776 1149 947 1220 jahresaalrl.
987 1149 1014 1205 S.
1033 1149 1104 1204 anch
1127 1149 1214 1204 nnten
1234 1166 1274 1202 nr.
1294 1148 1336 1209 23.

370 1256 524 1321 lltlhmt
546 1255 723 1321 Schedel
745 1256 811 1320 als
833 1256 1097 1321 humanisten
1120 1255 1197 1320 und
1221 1258 1321 1319 arat.

360 1395 527 1462 Udalricus
558 1386 764 1480 blossemprot
796 1396 932 1462 salutem
967 1395 1140 1480 plurimam
1178 1395 1256 1461 dicit
1292 1395 1421 1464 domino

270 1503 455 1568 Hermanno
478 1524 534 1567 suo
558 1502 782 1566 colendissimo
814 1503 936 1567 maiori.
983 1500 1182 1586 Quamquam
1206 1520 1264 1564 nec
1285 1499 1347 1563 mei
1369 1500 1419 1564 in·

270 1606 389 1694 genioli
414 1607 534 1672 viribus
565 1627 623 1672 neo
643 1607 870 1672 exercitatione
899 1608 938 1671 ad
963 1612 1089 1671 tautum
1117 1605 1231 1682 virum,
1255 1610 1347 1671 tanto
1369 1626 1419 1670 sa·

268 1713 393 1796 pieucia
424 1716 455 1776 et
478 1713 668 1777 auctoritate
696 1711 934 1776 ornatissimum
960 1712 1098 1775 scribere
1125 1709 1240 1773 audere
1263 1711 1419 1786 deberem,

269 1839 340 1883 oum
356 1818 542 1902 praesertim
557 1815 569 1853 ²
593 1817 682 1881 nulla
698 1817 915 1900 superioribus
934 1817 1131 1900 temporibus
1148 1819 1222 1879 ante
1238 1836 1342 1880 meum
1363 1816 1417 1880 ad-

268 1928 396 1987 ventum
421 1923 638 1988 intercesserit
666 1923 712 1988 vis
737 1923 907 2000 amiciciae,
932 1928 1036 1987 tamen
1070 1943 1129 2005 pro
1153 1920 1274 2004 ingenii
1296 1921 1417 1985 viribus

270 2034 490 2113 quantumque
513 2028 590 2091 mihi
614 2028 752 2093 facultas
774 2028 1009 2112 suppeditabit,
1033 2027 1168 2092 scribam
1192 2025 1252 2091 hoc
1273 2030 1417 2109 tempore

268 2134 306 2199 ad
331 2139 382 2214 te,
414 2133 463 2197 vir
484 2132 665 2201 clarissime.
712 2132 780 2198 Nec
803 2134 885 2197 enim
917 2155 987 2197 sum
1010 2137 1075 2197 tam
1105 2133 1193 2196 tenui
1223 2130 1417 2214 cogitatione

267 2239 440 2322 praeditus,
463 2239 624 2323 quodnisi
647 2245 720 2304 tuae
746 2240 933 2305 confiderem
955 2237 1149 2303 humanitati
1164 2236 1331 2320 singulari,
1355 2258 1418 2320 qua

267 2364 385 2424 omnes,
408 2345 595 2428 praesertim
620 2345 798 2430 genitorem
823 2366 926 2408 meum
949 2343 1184 2426 complecteris,
1216 2341 1320 2405 minus
1340 2362 1416 2424 pru·

267 2450 378 2513 denter
401 2450 545 2515 facerem.
601 2449 763 2515 Persuasit
798 2451 924 2534 quidem
946 2455 1003 2514 tua
1025 2449 1224 2522 humanitaS,
1249 2468 1333 2511 meas
1355 2445 1416 2509 tibi

267 2552 387 2634 literas,
404 2553 650 2639 qualescumque
668 2560 780 2636 essent,
796 2557 992 2640 gratissimas
1012 2555 1086 2634 lore,
1103 2553 1156 2620 ille
1172 2555 1278 2632 etiam,
1296 2552 1351 2637 qui
1366 2552 1414 2615 ius

266 2660 430 2742 proprium
460 2659 715 2745 perpetuumque
738 2660 769 2722 in
795 2683 844 2725 me
867 2660 973 2740 habet,
997 2683 1067 2725 curn
1095 2661 1132 2724 de
1155 2659 1220 2724 tuis
1243 2655 1415 2721 virtutibus

265 2784 368 2828 sermo
384 2763 555 2841 incidisset,
579 2765 680 2845 iussit,
705 2770 741 2830 ut
759 2771 800 2842 te,
825 2767 873 2829 rir
888 2765 1102 2842 celeberrime,
1126 2765 1308 2847 diligerem,
1332 2762 1413 2826 cole-

265 2890 331 2932 rem
354 2889 390 2932 ac
413 2891 568 2949 amarem,
593 2871 675 2954 quod
700 2870 768 2953 ipse
793 2891 985 2955 magnopere
1008 2869 1096 2948 facit,
1120 2891 1190 2935 cunr
1215 2868 1252 2932 ad
1277 2867 1413 2930 alterum

265 2977 350 3037 certe
373 2974 485 3037 horum
516 2975 662 3057 exemplo
690 2975 955 3059 testimonioque,
989 2975 1027 3038 ad
1050 2978 1221 3057 utrumque
1242 2993 1315 3036 vero
1338 2971 1415 3037 satis

259 3061 386 3141 'valeret
408 3079 609 3157 auctoritate,
633 3087 701 3144 tum
726 3103 789 3165 quo
805 3081 986 3164 prompoior
999 3101 1096 3145 essem
1113 3083 1239 3163 praeter
1263 3100 1308 3152 en,
1332 3099 1413 3162 quae

265 3183 366 3247 multa
389 3183 426 3248 de
448 3173 626 3264 'tedixerat
649 3185 789 3249 ostendit
812 3185 981 3269 epistulam
1014 3191 1102 3250 tuam
1130 3206 1187 3249 suo
1210 3183 1413 3266 magistratui

264 3286 423 3351 faventem
440 3287 463 3368 ³,
495 3290 673 3373 elegantem
703 3312 779 3354 sane
811 3295 844 3356 ct
873 3291 1031 3355 suavitate
1063 3290 1189 3373 plenam
1220 3311 1255 3353 ac
1282 3289 1316 3352 in
1351 3309 1413 3372 qua

264 3392 400 3456 maxime
430 3398 467 3457 ut
497 3395 529 3458 in
565 3397 692 3479 speculo
721 3396 895 3461 virbonus
928 3397 1065 3478 prudens
1089 3400 1120 3459 et
1143 3395 1253 3459 doctus
1276 3392 1414 3458 eluceret

264 3497 346 3560 haud
372 3499 531 3582 ambiguis
554 3500 665 3583 signis,
689 3525 751 3586 qua
775 3523 870 3565 exre
895 3502 1164 3587 quantamanime
1185 3499 1411 3564 iocunditatem

263 3604 401 3685 ceperim
424 3625 487 3667 non
509 3603 604 3670 facile
627 3604 769 3671 dixerim.
816 3606 966 3671 Plautum
996 3607 1080 3670 enirn
1104 3610 1263 3670 vetustum
1288 3625 1410 3670 comoe-

262 3708 386 3772 diarum
421 3711 609 3794 scriptorem
641 3719 673 3776 et
701 3713 890 3777 faceciarum
924 3719 1088 3795 parentem
1114 3719 1184 3777 tuos
1208 3716 1339 3796 penates
1362 3711 1410 3774 iu·

262 3813 364 3877 colere
389 3821 421 3878 et
444 3815 651 3881 humanitatis
685 3818 842 3902 hospitem
866 3820 1032 3901 perspexi,
1056 3820 1260 3903 quamobrem
1284 3819 1353 3882 iure
1375 3837 1411 3880 ac

261 3919 376 3984 merito
403 3926 477 3986 tuae
502 3921 613 4003 famae,
630 3925 781 4006 dignitati
803 3923 988 4008 gloriaeque
1003 3923 1102 4003 faveo,
1125 3947 1195 3990 cum
1211 3945 1319 3988 onmes
1336 3943 1409 4006 gra·

334 4097 344 4148 1
366 4091 436 4148 Dass
455 4059 504 4148 der
524 4094 598 4150 brief
614 4097 685 4152 noch
702 4096 732 4149 in
745 4031 895 4166 Angeliurg
913 4097 1093 4166 gescbrieben
1105 4097 1149 4162 ist,
1169 4115 1244 4151 musa
1258 4113 1325 4150 man
1337 4096 1410 4153 wohl

259 4182 330 4236 nach
351 4181 414 4236 dem
434 4182 517 4236 »haec
530 4183 611 4237 urbs«
632 4183 670 4238 im
690 4185 751 4238 text
769 4184 807 4254 [p.
819 4185 853 4240 29
866 4185 884 4240 l.
898 4186 925 4256 2]
939 4185 1103 4240 annehmen.
1136 4186 1219 4241 Sonat
1232 4191 1305 4240 ware
1324 4201 1410 4252 unge·

258 4285 425 4338 awungener
442 4267 540 4322 Padua
559 4287 592 4322 au
611 4274 764 4327 vermuten.
854 4273 870 4326 2
890 4273 1068 4328 Gossembrot
1091 4273 1213 4328 schreibt
1241 4273 1283 4327 als
1302 4271 1409 4328 schdler

259 4355 397 4411 Guarinos
415 4356 518 4410 bereits
536 4374 578 4420 ae,
598 4356 677 4411 nicht
695 4376 718 4422 e,
737 4359 805 4414 aber
822 4359 901 4414 nicht
924 4363 1092 4429 consequent
1111 4361 1168 4414 und
1189 4360 1258 4414 auch
1280 4361 1352 4415 wohl
1372 4376 1407 4412 an

258 4442 378 4497 dalscher
396 4443 491 4506 stelle;
511 4461 533 4498 s.
551 4444 601 4498 das
615 4445 789 4502 Homercitat
808 4450 894 4503 unten
920 4466 946 4520 p.
965 4448 1035 4505 301.
1056 4452 1073 4504 6
1092 4466 1118 4506 v.
1137 4467 1162 4502 ιι.
1264 4447 1281 4503 3
1300 4449 1341 4503 lat
1359 4447 1407 4503 der

258 4530 329 4586 oben
348 4547 389 4584 nr.
409 4531 425 4585 9
445 4529 597 4600 gedruclxte
615 4532 694 4590 brief.
