3092 5244
818 452 861 518 68

261 632 341 698 mihi
357 633 559 700 coniunctum
587 632 773 698 adhortatus
788 629 899 708 iueriS,
923 631 955 693 iu
973 651 1011 693 eo
1028 651 1092 692 rem
1111 627 1190 721 mihi
1205 626 1409 714 pergratissi-

258 760 342 802 mam
365 738 549 804 exhibuisti.
595 737 679 802 Nam
704 742 740 800 ut
762 737 864 800 literis
888 737 956 800 eius
979 735 1095 818 accepi,
1120 734 1295 798 amiciciam
1321 756 1408 797 suam

258 842 337 907 mihi
371 864 494 928 semper
516 843 726 908 desideratam
749 841 910 926 integram
932 841 1086 924 cognovi,
1118 841 1202 925 quod
1234 841 1409 904 maximum

258 948 386 1033 quidem
413 949 519 1013 animo
549 970 618 1012 meo
647 947 797 1033 gaudium
830 946 1013 1012 cumulavit.
1066 944 1259 1011 Placuerunt
1283 951 1316 1009 et
1339 967 1409 1010 car-

257 1053 342 1116 mina
365 1075 422 1118 sua
443 1054 509 1118 filie
532 1053 679 1139 magistri
703 1051 819 1116 civium
852 1058 884 1116 et
908 1051 1036 1136 quidem
1059 1051 1206 1130 maxime,
1232 1050 1411 1114 delectatur

257 1159 340 1223 enim
364 1159 397 1222 in
419 1158 517 1241 hijsce
541 1160 634 1223 rebus
655 1179 720 1222 non
745 1157 836 1221 modo
864 1157 932 1222 filia
965 1163 1014 1222 set
1037 1162 1069 1222 et
1091 1157 1160 1240 ipse
1185 1155 1341 1241 magister
1365 1157 1411 1221 ci·

257 1263 354 1344 vium,
378 1264 432 1348 qui
456 1263 532 1328 satis
554 1264 665 1346 pulcre
687 1268 790 1328 artem
814 1263 946 1328 canendi
970 1262 1158 1348 adquisivit.
1204 1261 1273 1326 Scit
1295 1268 1329 1325 et
1344 1261 1411 1325 filia

256 1389 313 1432 sua
334 1367 473 1434 Sibilla¹
504 1365 752 1452 compunctum²
782 1367 887 1430 iecere
918 1372 949 1430 et
982 1366 1149 1449 evestigio,
1173 1387 1235 1451 que
1267 1366 1412 1430 subiecta

256 1473 377 1538 fuerint
401 1473 519 1555 oculis,
543 1475 701 1539 cantando
723 1472 872 1537 formare.
926 1471 1008 1536 Vale
1031 1476 1063 1536 et
1090 1472 1123 1535 in
1147 1471 1240 1535 rebus
1263 1472 1353 1551 meis,
1375 1476 1413 1535 ut

256 1601 380 1664 semper
411 1580 524 1659 iecisti,
559 1579 761 1664 diligenciam
789 1584 933 1643 exactam
963 1578 1065 1643 lacere
1097 1598 1160 1641 non
1183 1577 1352 1661 pigriteris
1375 1581 1408 1640 et

257 1703 327 1766 ego,
351 1685 505 1770 quicquid
521 1685 633 1749 honori
651 1689 706 1749 tuo
722 1684 918 1768 congruerit,
938 1683 1076 1748 libenter
1093 1683 1277 1766 procurabo.
1317 1683 1411 1746 Anno

257 1795 324 1854 etc.
355 1788 420 1854 LX.
445 1790 477 1854 in
502 1790 553 1855 die
575 1791 626 1857 sti.
652 1788 812 1876 Gregorij.

728 2019 936 2030 ιι--ι-ι-ι--υ-

802 2139 850 2213 30

258 2279 434 2354 Valentin
450 2277 546 2354 Eber
574 2304 622 2353 an
652 2279 866 2376 Sigismund
881 2279 1135 2353 Gossembrot.
1180 2279 1288 2354 Wien
1309 2280 1408 2355 1400

743 2405 839 2498 april
871 2404 903 2476 l.

443 2586 508 2641 olm.
529 2587 580 2640 504
598 2586 618 2640 f.
637 2585 713 2641 abab.
745 2585 888 2639 Abschrilt
907 2585 1068 2640 Hartmsun
1087 2584 1223 2640 Schedels.

334 2710 585 2776 Politische
608 2712 683 2774 und
707 2709 983 2794 persiinliche
1007 2709 1330 2776 naelrrichten⁸.

344 2850 500 2915 Premissa
514 2851 564 2914 sui
579 2850 678 2933 ipsius
694 2850 1003 2916 recommendacione
1018 2850 1140 2914 sincera
1155 2873 1188 2915 se
1205 2855 1309 2915 totum
1333 2852 1407 2936 plu-

256 2958 336 3022 rima
358 2979 428 3021 cnm
451 2956 562 3019 salute.
608 2954 843 3039 Spectatissime
865 2955 934 3020 vir!
958 2954 1065 3019 Habui
1098 2956 1253 3040 superiori
1278 2958 1329 3022 die
1353 2958 1409 3022 lit—

237 3066 340 3126 teras
364 3065 484 3124 vestras
505 3060 584 3123 mihi
610 3061 735 3144 quidem
760 3061 1037 3144 pergratissimas,
1062 3061 1177 3146 quibus
1201 3065 1407 3146 presentibus

256 3164 505 3249 respondendnm
529 3167 638 3242 statui,
660 3171 848 3229 nontamen
871 3187 935 3250 quo
951 3166 1029 3249 ipsis
1054 3165 1262 3247 satisfaciam,
1287 3189 1359 3233 cum
1375 3169 1408 3234 id

256 3293 353 3355 supra
374 3269 494 3354 ingenij
528 3271 591 3332 mei
613 3270 695 3334 vires
717 3270 913 3354 intelligam,
949 3292 1056 3335 verum
1080 3291 1143 3355 quo
1166 3271 1307 3337 officium
1332 3296 1411 3360 erga

255 3398 310 3441 vos
347 3396 452 3439 meum
488 3373 700 3460 affectumque
724 3375 956 3460 aliquantisper
979 3378 1189 3460 cognoscatis,
1217 3378 1409 3445 hortamen

257 3483 387 3561 addito,
419 3486 456 3545 ut
479 3502 550 3545 cum
574 3481 743 3565 sagacitati
765 3488 869 3545 vestre
899 3481 994 3565 longe
1016 3482 1169 3546 minorem
1194 3505 1244 3546 me
1267 3484 1413 3550 videritis

258 3588 479 3671 incultumque
519 3584 712 3671 epistulandi
742 3585 851 3649 stilum
885 3585 1103 3670 inspexeritis,
1131 3586 1248 3670 partim
1273 3588 1411 3674 deniqne

255 3691 469 3778 inquietudini
492 3690 642 3756 hocloco
666 3713 732 3754 mee
748 3690 871 3754 veniam
895 3689 969 3753 dare
991 3689 1107 3755 velitis.
1148 3690 1199 3755 Me
1222 3694 1307 3758 enim
1331 3716 1408 3761 one-

822 3812 839 3850 ss

328 3903 339 3955 l
361 3899 461 3954 Sibilla
479 3898 665 3962 Gossembrot.
686 3899 780 3968 apator
799 3913 836 3950 an
855 3899 936 3952 einen
955 3898 1085 3954 Radauer
1103 3900 1254 3956 vermahlt.
1291 3902 1324 3956 In
1343 3904 1408 3959 clm.

256 3991 324 4046 3561
344 3989 406 4059 [aus
427 3987 618 4044 Gossembrots
637 3986 804 4058 bibliothek]
824 3987 901 4041 steht
925 3988 975 4040 aul
998 3987 1060 4041 dem
1079 3987 1328 4058 unvolletttndigen
1348 4008 1410 4046 vor-

253 4077 407 4147 satanicae:
428 4076 507 4130 »Dita
526 4075 599 4130 buch
617 4074 654 4128 ist
672 4074 787 4129 dochter
806 4071 931 4128 Siwillen
950 4074 1075 4129 Radorin
1097 4073 1190 4143 [sigen
1211 4077 1283 4131 nach
1302 4079 1408 4133 minem

254 4164 336 4231 tod].«
376 4163 426 4218 Die
444 4162 714 4232 eingeklammerten
734 4164 820 4217 worte
843 4160 905 4216 sind
930 4179 985 4217 von
1009 4160 1134 4217 offenbar·
1154 4163 1301 4218 moderner
1328 4165 1407 4220 hand

254 4250 494 4320 nachgezeichnet,
514 4251 556 4305 als
574 4250 625 4304 das
644 4250 719 4304 blatt
740 4251 811 4306 noch
835 4248 1010 4320 vollstaudig
1028 4268 1094 4306 war.
1196 4253 1357 4321 2copirct1'1,
1376 4270 1407 4308 so

255 4339 325 4393 auch
344 4337 389 4392 die
406 4337 543 4392 abschrift
567 4338 629 4393 clm.
649 4337 735 4392 22404
755 4332 1092 4407 f.129¹¹,=c0mputum,
1112 4338 1188 4392 fabel
1212 4335 1267 4408 [Du
1287 4338 1404 4408 (tanget

254 4426 319 4480 oder
337 4424 531 4480 verschrieben
553 4427 598 4480 fiir
621 4425 990 4495 coptitu=composituml
1096 4425 1196 4493 evgl.
1223 4443 1286 4480 rum
1312 4426 1406 4481 inhalt

252 4512 323 4567 oben
341 4529 383 4566 nr.
401 4512 443 4566 20.
