3092 5244
805 425 868 492 110

262 604 288 675 si
313 603 433 689 egregij
458 603 580 688 aliquid
609 626 665 688 pre
689 626 721 667 se
755 601 868 678 ferret,
900 602 1030 668 minime
1062 601 1206 666 venalem
1238 599 1410 665 exhiberet.

265 709 379 774 Melius
409 715 514 775 tamen
537 709 641 792 ipsum
673 709 886 792 conspiciam,
909 729 979 771 cum
1002 705 1257 788 Nurembergam
1290 705 1413 778 venero,

830 815 848 856 a

265 897 534 955 uocauerimus.
556 898 716 953 zeitschrift
735 897 755 952 f.
776 898 809 953 a.
828 898 854 952 o.
869 896 1037 952 obstrusas
1057 897 1142 960 mur,
1163 896 1205 949 53.
1243 882 1319 949 tiber
1340 893 1412 948 scine

266 983 457 1054 beaiehnngen
476 1005 509 1040 au
524 989 668 1042 Hermann
683 985 796 1041 schedel
811 986 888 1055 giebt
907 983 1061 1039 aulschlnss
1081 981 1127 1036 die
1142 981 1211 1036 anch
1231 983 1309 1036 sonet
1328 979 1415 1035 inter-

265 1077 375 1128 essente
391 1073 466 1137 Vita,
486 1075 589 1129 welche
608 1074 762 1128 Hartmann
782 1071 898 1128 schedel
917 1071 1029 1126 Zolners
1049 1070 1233 1139 recaptbuche
1260 1067 1336 1140 [clm.
1356 1067 1416 1134 644]

269 1163 428 1232 vorgesetat
440 1162 509 1216 hat:
531 1161 681 1216 ›Hauricus
694 1162 800 1225 Zolner,
819 1161 891 1216 alias
903 1159 1025 1220 Gurtlcr,
1045 1158 1235 1226 Nuremberge
1248 1173 1280 1210 ex
1293 1155 1416 1212 honestis

265 1248 428 1320 parentibus
441 1251 526 1312 ortus,
549 1249 579 1302 io
592 1248 733 1318 baptismo
746 1248 882 1302 Hencicus
896 1251 1017 1310 vocatus,
1036 1263 1068 1301 ex
1088 1247 1237 1315 parentela
1250 1244 1351 1302 Zolner
1364 1244 1417 1298 dic·

266 1341 322 1404 tus,
340 1355 373 1394 ex
393 1329 482 1408 patre,
502 1336 678 1406 cingulatore
698 1336 813 1400 artifice,
827 1335 941 1389 Gurtler
960 1333 1129 1406 appellatos.
1167 1334 1192 1387 ls
1206 1335 1356 1403 postquam
1374 1350 1418 1386 ru·

267 1425 395 1480 dimenta
412 1425 598 1494 grammatice
617 1423 736 1492 adeptus
755 1423 817 1486 fuit,
838 1422 1017 1493 gymnasium
1041 1420 1189 1492 Liptaense
1208 1421 1288 1486 adiit,
1306 1419 1356 1474 ubi
1374 1420 1418 1474 bo·
1527 1485 1528 1488 Ἴ

267 1511 309 1566 nis
328 1511 437 1567 artibus
456 1528 570 1583 operam
589 1511 676 1566 dedit.
712 1509 779 1565 Post
798 1513 973 1580 temptamen
1001 1509 1037 1563 ad
1056 1509 1252 1579 magisterium
1271 1509 1417 1570 admissus,

267 1601 488 1670 experimentum
509 1601 684 1669 attemptans
709 1598 739 1652 in
757 1599 856 1654 rubeto
874 1601 958 1654 noctu
976 1597 1012 1652 ad
1044 1597 1202 1667 fugandum
1220 1595 1386 1653 monedulae
1404 1613 1418 1650 e

269 1691 327 1746 loco
348 1687 406 1742 sive
425 1688 461 1742 acl
479 1686 654 1755 captandum
674 1702 797 1741 amoram
814 1685 930 1740 alicuius
942 1701 1058 1756 persone
1070 1701 1087 1738 a
1099 1683 1262 1740 custodibus
1275 1701 1417 1740 rnurorum

269 1776 455 1846 deprehensus
475 1790 507 1828 ac
524 1773 703 1828 universitati
724 1775 902 1844 presentatus
921 1774 950 1828 et
963 1774 999 1829 ob
1012 1772 1040 1827 id
1054 1789 1071 1827 a
1084 1772 1421 1855 magisterio'snspensua
1528 1825 1529 1840 ,

268 1862 381 1920 consilio
399 1865 495 1916 tamen
509 1860 652 1923 sociorum,
670 1858 719 1929 qui
737 1877 799 1913 oum
818 1876 850 1915 eo
868 1859 898 1912 in
917 1859 1045 1915 examine
1069 1861 1228 1931 magisterii
1247 1861 1374 1924 fuerunt,
1391 1865 1417 1914 et
1528 1855 1529 1860 '

269 1950 399 2022 precipue
419 1947 572 2003 Hermanni
592 1947 707 2002 Schedel
726 1944 973 2016 Nurembergensis
992 1946 1251 2003 vicecancellarium
1270 1949 1297 2003 d.
1316 1949 1419 2018 episco-

269 2056 337 2109 pum
348 2037 605 2105 Merseburgensem
625 2034 707 2104 adijc
727 2051 759 2090 ex
780 2034 932 2090 donacione
950 2035 1008 2091 vini
1028 2035 1134 2106 Rivolij
1154 2036 1352 2093 admissionem
1372 2037 1419 2090 im·

270 2123 403 2195 patravit.
441 2123 560 2178 Effectus
588 2121 678 2191 igitur
701 2121 806 2176 artium
831 2122 967 2192 magister
990 2141 1041 2194 pro
1061 2123 1251 2180 consolacione
1269 2128 1419 2195 parentum

271 2211 494 2280 Nurembsrgam
517 2210 614 2279 petiit,
637 2209 736 2264 deinde
765 2210 928 2266 adiumento
956 2228 1051 2266 sorum
1072 2212 1185 2268 ltaliam
1205 2214 1348 2282 ingressus
1367 2213 1421 2267 arti

272 2299 406 2354 medicine
425 2314 541 2368 operam
560 2297 646 2352 dedit.
695 2298 766 2353 Post
781 2298 896 2367 longum
925 2299 1054 2353 anditum
1073 2299 1216 2361 doctorum
1236 2317 1268 2355 ac
1287 2300 1419 2357 visionem

271 2385 393 2458 practice
406 2386 538 2456 insignia
555 2384 716 2440 doctoratus
736 2385 861 2453 adeptus,
881 2385 985 2440 iterato
1009 2387 1135 2456 patriam
1155 2388 1323 2457 aggrediens
1343 2389 1421 2443 varia

272 2475 463 2546 experimenta
482 2473 673 2542 Nnremberge
692 2477 720 2526 et
736 2471 804 2527 iecit
823 2477 851 2528 et
865 2473 983 2539 audivit,
1003 2492 1056 2544 que
1067 2476 1172 2544 parlim
1187 2475 1299 2546 scripsit
1312 2479 1341 2532 et
1354 2492 1421 2530 non·
1530 2503 1531 2508 ι

271 2564 352 2617 nulla
371 2563 401 2617 in
419 2563 474 2618 isto
493 2561 567 2615 libro
586 2560 716 2614 manibus
734 2560 854 2630 proprijs
874 2562 1042 2634 perscripsit.
1080 2563 1236 2620 Admodum
1262 2567 1357 2618 autem
1378 2581 1423 2618 re·

272 2667 335 2707 rens
355 2651 548 2722 pestilenciam
567 2650 629 2704 ideo
646 2648 783 2719 pleraque
794 2648 828 2702 de
848 2665 881 2703 ea
900 2649 1015 2721 collegit
1027 2654 1056 2707 et
1069 2651 1216 2722 pulverem
1227 2652 1420 2706 indubitatum

273 2745 371 2797 contra
389 2739 463 2794 hunc
481 2739 610 2794 morbum
630 2737 813 2807 dispensavit.
853 2737 1005 2806 ingruente
1025 2741 1119 2794 autern
1138 2739 1243 2804 morbo,
1264 2742 1296 2794 ut
1313 2740 1421 2802 caucius

273 2830 377 2899 ageret,
395 2825 617 2895 Nurembergam
638 2842 685 2895 per
704 2841 789 2878 renam
802 2828 915 2894 portam
925 2826 1019 2881 exiens
1040 2827 1076 2880 ad
1088 2828 1150 2883 loca
1163 2845 1240 2892 sana,
1260 2846 1316 2884 non
1334 2828 1422 2899 quies·
1531 2871 1532 2878 ,

273 2932 345 2978 cens,
365 2915 452 2970 donec
464 2917 555 2970 totam
569 2912 791 2981 Nurembergam
805 2930 838 2966 ex
857 2914 1066 2982 permutacione
1080 2915 1201 2970 locorum
1215 2917 1352 2981 circuiret,
1370 2935 1424 2986 quo

273 3021 360 3073 usqne
376 3001 464 3074 pestis
491 3000 627 3071 desevijt,
655 3001 774 3055 eandem
792 3003 904 3069 portam
926 3000 1031 3056 iterato
1049 3001 1178 3057 intravit.
1225 3003 1291 3058 Post
1310 3004 1423 3073 longam

274 3090 427 3162 practicam
448 3092 561 3144 vocatus
580 3089 616 3142 ad
629 3088 736 3142 curiam
747 3088 878 3143 hudovici
893 3089 1027 3158 principis
1041 3089 1159 3146 Bavarie
1172 3090 1241 3161 [vgl.
1256 3089 1423 3160 Oberbayer.

276 3176 378 3231 Archiv
393 3177 439 3237 IX,
453 3177 512 3231 365.
525 3173 599 3246 376],
619 3191 679 3228 eum
699 3179 762 3244 post
782 3175 907 3244 aliquam
926 3194 1034 3232 moram
1052 3177 1201 3233 curialium
1221 3195 1310 3234 mores
1330 3195 1362 3234 ac
1381 3194 1425 3232 ne·

275 3263 365 3319 'landa
383 3263 460 3317 dicte
478 3262 532 3316 sibi
550 3263 742 3332 displicerent,
763 3262 798 3316 ad
819 3261 943 3331 patriam
962 3281 1088 3319 reversus
1113 3266 1191 3333 [1460
1210 3284 1236 3320 v.
1256 3267 1272 3321 l.
1293 3284 1313 3321 s.
1333 3267 1375 3336 al,
1395 3269 1426 3319 ut

279 3352 404 3408 animum
424 3351 460 3405 ad
480 3350 653 3421 religionem,
674 3350 708 3404 ad
723 3367 807 3420 quern
821 3350 869 3403 diu
883 3351 1012 3406 affectum
1026 3353 1135 3418 hebuit,
1156 3354 1332 3424 adimpleret.
1363 3353 1426 3407 Fuit

277 3442 372 3495 autem
391 3423 474 3496 honio
486 3450 601 3504 crassus,
622 3439 692 3493 facie
705 3438 816 3502 rubeus,
835 3438 972 3494 iocundus
985 3456 1018 3493 ac
1030 3440 1128 3510 plenus
1141 3440 1216 3506 iocis,
1236 3457 1332 3497 omnes
1345 3445 1424 3498 notos

277 3527 419 3584 Sweiniior
436 3527 592 3600 appellans,
612 3527 702 3598 sepius
721 3527 751 3581 in
770 3545 822 3582 usu
845 3527 952 3582 habens
982 3545 1058 3584 esum
1086 3529 1259 3584 reubarbari-
1274 3545 1337 3584 cum
1356 3530 1426 3584 mal·

277 3616 363 3680 vasio,
382 3617 455 3686 quod
475 3615 571 3670 vinum
590 3632 653 3685 sepe
671 3615 700 3668 in
721 3633 770 3670 osu
789 3615 896 3670 habuit.
943 3613 1031 3670 Varia
1058 3634 1167 3687 quoqne
1185 3617 1377 3688 experimenta
1396 3633 1428 3672 ex

278 3704 440 3758 mulieribus
464 3721 497 3758 ao
514 3702 813 3774 experimentatoribus
841 3703 1025 3774 perlustravit
1058 3722 1091 3759 ao
1115 3704 1251 3761 nonnulla
1275 3704 1306 3758 in
1324 3705 1428 3775 scripta

279 3791 395 3861 redegit.
433 3791 465 3844 ln
484 3792 599 3862 propria
618 3793 713 3845 autem
733 3790 815 3846 domo
834 3796 861 3844 in
880 3791 980 3861 platea
999 3792 1321 3862 dictaCromersgeslein
1341 3793 1374 3864 [s.
1389 3791 1428 3846 St.

279 3875 343 3931 Otr.
356 3878 402 3941 Xl,
423 3879 473 3932 575
493 3897 514 3932 a.
539 3879 568 3948 9]
589 3895 650 3932 cum
676 3878 818 3948 clavigera
836 3881 951 3950 propria
969 3880 1110 3947 habitans,
1129 3881 1194 3936 licet
1213 3883 1299 3936 antea
1317 3881 1369 3934 suh
1387 3898 1429 3935 aa·

279 3969 336 4022 stro
353 3967 384 4020 in
402 3966 485 4022 domo
504 3965 586 4021 aciali
611 3966 742 4037 [eckhaus
761 3967 796 4035 (s.
817 3967 996 4023 Dieffenbach
1015 3986 1036 4021 s.
1055 3986 1081 4025 v.
1101 3966 1216 4038 aoialis).
1254 3967 1362 4022 ›Unter
1380 3968 1428 4023 der

278 4053 389 4124 Vester}
410 4069 517 4108 moram
537 4055 633 4108 traxit.
670 4052 803 4118 Tandem,
816 4055 891 4124 qnod
903 4056 1009 4110 diadum
1028 4056 1123 4112 animo
1141 4058 1313 4126 conceperat,
1333 4056 1429 4111 relicto

280 4141 371 4196 seculo
399 4141 524 4197 ordinem
553 4140 672 4194 fratrum
693 4141 797 4197 ordinis
823 4141 1034 4212 predicatorum
1054 4141 1246 4212 Nuremberge
1270 4144 1306 4198 ad
1328 4142 1429 4199 vicinos

278 4245 341 4284 suos
359 4229 526 4299 ingreditur
563 4227 648 4308 Tadio
667 4233 761 4300 autem
779 4228 809 4283 in
828 4229 1032 4285 consuetudine
1043 4231 1107 4294 vite,
1127 4230 1224 4287 relicto
1242 4230 1349 4294 ordine,¹
1368 4234 1430 4303 post

278 4316 437 4389 pauxillum
456 4316 589 4392 temporis
608 4316 645 4370 ad
664 4316 738 4372 lares
756 4317 882 4386 proprios
897 4317 989 4386 redijt.
1017 4317 1210 4374 Premeditato
1222 4318 1325 4375 deindo
1337 4318 1429 4373 animo

278 4407 381 4459 iterum
394 4404 522 4482 abiciens
542 4403 682 4458 vanitates
701 4403 793 4468 seculi,
812 4403 939 4466 ordinem
963 4404 1056 4459 sancti
1073 4404 1216 4481 Benedicti
1246 4405 1284 4461 ad
1303 4409 1428 4462 sanctum

282 4479 410 4572 tigidinm
430 4491 523 4569 {ligii
547 4491 627 4567 [rice
642 4490 705 4564 dea
725 4493 750 4563 t,
769 4509 790 4544 s.
817 4489 906 4562 liern,
928 4491 1020 4558 liant.
1048 4491 1428 4562 HerdegensDenirwitrdig·
