3106 5252
816 463 858 529 20

262 643 383 717 verant,
406 660 508 722 neque
532 637 710 702 meminisse
734 638 807 702 nolo
831 659 949 715 eorum,
975 658 1036 722 que
1062 637 1223 718 publicum
1250 636 1406 700 errarium

259 744 447 808 imminuere
477 747 641 808 conantur.
688 742 853 828 Numquid
887 743 949 806 iam
974 748 1044 806 tota
1068 743 1191 806 milicia
1212 745 1324 806 contra
1347 742 1408 804 im·

259 849 383 933 perium
407 847 626 912 debachatur?
670 847 826 924 Quorsum
851 853 916 912 tam
941 848 1022 912 revit
1044 848 1210 911 adversum
1234 847 1409 929 burgenses

260 954 377 1018 nobilis
400 952 612 1038 tyrannides¹
636 954 847 1038 principum?
884 951 947 1016 Cur
970 958 1093 1016 armata
1109 950 1316 1015 castrensium
1340 973 1408 1014 ma·

259 1082 318 1125 uus
340 1065 451 1124 contra
480 1059 620 1123 insuetos
644 1059 816 1122 bellatores
831 1059 878 1122 ita
898 1059 1061 1122 decertat?
1095 1055 1167 1120 Nisi
1183 1056 1267 1120 forte
1288 1055 1408 1122 fastum

259 1166 392 1231 delicate
409 1163 549 1228 civitatis
573 1169 727 1226 strennua
745 1162 889 1246 potentia
911 1163 995 1226 ferre
1018 1183 1081 1225 non
1105 1166 1212 1244 potest
1236 1161 1407 1244 belligero-

259 1294 339 1338 rum.
386 1269 484 1334 Punit
506 1305 552 1316 -
573 1269 653 1332 mihi
675 1269 783 1347 crede,
807 1269 886 1332 mihi
909 1270 1039 1353 inquam
1064 1269 1155 1333 crede
1170 1303 1214 1316 —
1230 1289 1335 1331 rerum
1353 1287 1408 1330 cu·

258 1377 409 1460 pidinem,
435 1375 598 1452 honorem,
621 1373 890 1457 tranquillitatem
910 1374 1135 1456 temporariam
1153 1378 1184 1438 et
1201 1373 1286 1455 pacis
1299 1371 1407 1436 iocun-

259 1481 391 1545 ditatem
415 1501 471 1564 per
494 1480 594 1543 electa
616 1499 672 1542 sua
706 1477 833 1562 flagella
856 1478 1077 1561 cunctipotens
1101 1477 1258 1544 dominus.
1306 1475 1408 1559 Prop-

259 1591 346 1650 terea
369 1607 480 1650 moneo
511 1589 563 1663 te,
596 1607 636 1648 ne
659 1584 722 1666 hijs
746 1583 873 1664 hereas,
906 1606 967 1668 que
997 1605 1068 1648 cum
1090 1583 1209 1647 mundo
1231 1584 1408 1660 transeunt,

259 1689 423 1772 provideas
445 1694 561 1769 autem,
585 1711 647 1773 que
670 1689 866 1754 immortalia
887 1695 973 1755 sunt.

345 1794 435 1860 Tunc
458 1796 541 1860 enim
565 1796 598 1858 in
622 1798 681 1860 tua
703 1795 929 1860 florentissima
952 1793 1126 1878 republica
1148 1793 1253 1857 nullas
1276 1790 1408 1858 insidias

259 1901 419 1975 hostium,
452 1900 575 1965 nnllam
608 1899 719 1984 populi
751 1900 1005 1978 dimicacionem‚
1039 1899 1163 1964 nullam
1197 1897 1406 1963 defeccionem

259 2004 385 2085 civium,
409 2005 531 2069 nullam
554 2005 694 2088 inopiam
719 2005 867 2089 stipendij
893 2011 949 2070 aut
972 2005 1018 2068 rei
1041 2003 1260 2081 frumentarie,
1285 1999 1405 2065 nullam

259 2110 441 2173 intestinam
467 2109 667 2188 sedicionem,
692 2109 816 2174 nullum
833 2110 1040 2174 domesticum
1058 2109 1181 2186 scisma,
1205 2106 1329 2171 nullum
1352 2126 1405 2169 ex·

259 2220 385 2278 ternum
416 2237 529 2300 agmen
560 2214 759 2300 iniquorum,
792 2236 853 2298 que
882 2236 1018 2298 persepe
1051 2211 1302 2297 sapientissimos
1323 2209 1408 2274 viros

259 2321 449 2398 exanimant,
472 2320 676 2403 pertimescis.
730 2319 771 2383 m
795 2321 822 2383 si
846 2323 885 2384 ad
916 2341 1025 2385 omnes
1047 2323 1154 2404 partes
1177 2315 1324 2382 audiendi
1348 2314 1408 2378 tibi

259 2411 321 2489 non
344 2447 413 2489 sum
437 2425 599 2490 onerosior
621 2426 734 2501 solit0,
759 2425 953 2503 describam,
988 2445 1082 2509 quem
1105 2427 1137 2487 te
1162 2443 1227 2486 esse
1250 2423 1406 2504 oporteat,

259 2533 296 2592 ut
318 2533 350 2593 et
374 2530 495 2595 labores
520 2530 648 2594 mollius
670 2530 754 2595 feras
778 2534 810 2594 et
832 2532 988 2596 censorias
1005 2530 1103 2594 fasces
1121 2551 1192 2593 cum
1216 2527 1326 2592 fructu
1348 2525 1405 2588 ho·

259 2635 344 2699 noris
362 2643 516 2720 reportes.
531 2686 538 2700 .
551 2683 577 2702 ..
601 2633 720 2722 [fulgen
736 2635 1104 2719 lehrhafteratschliige]
1183 2632 1219 2715 [f.
1234 2633 1308 2712 297]
1320 2629 1407 2706 Quod

258 2741 284 2804 si
316 2741 432 2805 bellurn
456 2741 583 2826 aliquod
607 2741 819 2825 periculosum
839 2741 935 2806 eciam
960 2763 997 2805 ac
1012 2741 1109 2805 eciam
1126 2738 1323 2813 imminetur,
1346 2756 1407 2798 non

259 2851 429 2910 tremerem
449 2847 564 2926 anima,
587 2848 671 2930 quod
692 2849 800 2911 eodem
817 2852 959 2930 tempore
983 2868 1050 2910 esse
1073 2844 1285 2928 intelligerem
1311 2842 1407 2906 eciam

259 2951 385 3015 fortune
401 2952 578 3034 potentiam
589 2952 626 3014 in
643 2959 674 3016 te
691 2956 912 3037 prorogatam
935 2952 990 3037 qui
1003 2953 1087 3016 enim
1104 2951 1136 3015 in
1153 2948 1293 3034 proprijs
1317 2947 1408 3011 bellis

259 3061 290 3120 te
302 3057 470 3139 sapienter,
480 3057 619 3120 modeste
629 3063 660 3121 et
675 3056 812 3122 civiliter
828 3057 965 3142 gessisti,
982 3057 1015 3120 in
1031 3056 1169 3121 externis
1186 3053 1323 3136 amplius
1334 3072 1407 3116 eon-

258 3162 412 3226 tinentem
436 3160 615 3246 fortemque
650 3162 709 3243 [te]
734 3161 906 3227 exhiberes.
963 3159 1025 3226 Sed
1048 3160 1187 3225 bellandi
1211 3163 1295 3223 certe
1319 3155 1409 3221 nulla

258 3267 379 3330 occasio
403 3272 459 3344 est,
486 3269 634 3350 quoniam
660 3287 696 3330 eo
715 3287 788 3348 pars
801 3266 862 3330 tibi
885 3266 929 3330 rei
947 3265 1073 3349 publice
1097 3264 1272 3341 commissa,
1297 3263 1409 3345 inqua

258 3370 380 3434 nullam
401 3375 456 3435 ant
474 3371 679 3454 perexiguam
695 3375 820 3453 partem
836 3371 968 3435 fortuna
984 3377 1072 3435 tenet
1085 3376 1116 3434 et
1141 3391 1203 3454 que
1218 3367 1315 3432 michi
1341 3369 1409 3430 tota

258 3475 291 3538 in
314 3480 369 3540 tue
390 3476 512 3540 virtute
535 3498 571 3540 ac
595 3476 813 3540 moderacione
842 3476 991 3558 componi
1017 3497 1107 3558 posse
1130 3473 1285 3539 videatur.
1335 3470 1408 3534 Tibi

258 3582 331 3644 data
354 3587 401 3645 ert
423 3581 790 3666 surnmatranquillitas,
814 3582 860 3646 ita
883 3585 990 3644 tamen
1008 3584 1098 3643 ntea
1118 3579 1327 3643 dormientem
1351 3598 1408 3661 gu·

260 3687 459 3750 bernatorem
490 3688 541 3751 vel
573 3688 721 3766 obruere,
750 3687 936 3770 vigilantem
970 3685 1069 3749 eciam
1103 3685 1259 3748 delectare
1298 3682 1407 3765 possit.

260 3790 391 3856 Constat
415 3793 500 3855 enim
521 3796 612 3856 tuum
636 3785 803 3875 imperium
825 3791 965 3874 primum
989 3811 1027 3854 ex
1041 3811 1078 3853 eo
1101 3809 1217 3872 genere
1240 3789 1408 3866 sociorum,

259 3897 340 3981 quod
365 3902 412 3960 est
435 3919 473 3960 ex
496 3897 661 3961 hominum
689 3897 829 3960 omnium
860 3916 974 3979 genere
1006 3893 1278 3958 humanissimam.
1331 3891 1408 3958 Sue·

257 4023 367 4066 vorum
390 4024 527 4086 namque
550 4023 628 4086 gens
650 4023 714 4065 non
737 4005 774 4065 ut
795 3999 922 4083 quidam
936 3997 1099 4079 temerarij
1121 3997 1279 4080 garriunt,
1303 4019 1408 4063 sevam

258 4108 354 4172 habet
376 4105 648 4191 appellacionem²
675 4108 727 4170 sed
740 4103 953 4183 mitissimam,
977 4103 1280 4188 quodpreterfluens
1299 4107 1407 4168 osten-

822 4211 842 4246 bl·

329 4283 340 4334 l
362 4280 470 4336 Ebenso
489 4298 522 4334 w.
542 4298 568 4334 u.
606 4279 656 4334 Die
674 4280 746 4336 form
775 4276 936 4348 tyrannidis
961 4278 1003 4331 als
1030 4276 1135 4332 nomin.
1166 4276 1210 4332 bei
1229 4276 1410 4332 Dieffenbach

256 4369 361 4438 belegt.
416 4369 431 4420 2
451 4368 501 4422 Dic
521 4366 738 4437 gleichsetzung:
752 4365 859 4433 »Suevi,
877 4365 926 4435 qui
940 4366 969 4419 et
981 4363 1053 4418 sevi«
1074 4362 1222 4418 besonders
1243 4362 1272 4418 in
1285 4363 1411 4419 Meister·

257 4456 312 4510 lins
331 4455 561 4524 chronographia
580 4454 624 4519 ll,
652 4454 713 4510 lff.
741 4455 908 4518 verwertet,
936 4453 987 4507 aul
1003 4451 1049 4506 die
1071 4451 1144 4506 wohl
1170 4451 1231 4507 hier
1250 4451 1409 4522 angespielt

257 4559 317 4600 sem
336 4561 411 4614 mag.
