3106 5252
677 450 718 514 27

145 624 414 708 entschuldiguug
430 625 487 690 der
498 628 702 708 veradgerten
720 622 872 710 antwort]
890 673 961 690 .....
988 623 1024 712 [f.
1035 624 1126 712 30le
1143 623 1256 709 Itaque
1272 624 1298 688 si

146 731 204 793 bas
228 729 398 818 elegantia,
414 736 470 796 tna
494 730 599 795 minus
622 730 735 814 dignas
760 730 886 815 legeris,
912 730 1056 814 ignosces
1078 731 1298 814 occupacioni·

145 833 205 898 bus
227 834 305 897 meis
327 833 374 898 rei
389 835 580 921 publiceque
594 835 745 919 negocijs,
769 856 830 920 que
846 839 947 914 tanta,
971 840 1035 900 tam
1063 835 1188 901 assidua
1214 840 1299 915 sunt,

148 939 260 1004 utrix
283 940 434 1004 membris
451 940 591 1024 quietem
615 941 757 1006 tribuere
791 939 879 1005 valeo
892 941 941 1024 [!].
974 940 1052 1006 Ounr
1076 943 1169 1017 enim,
1194 946 1229 1006 ut
1253 941 1299 1004 ait

145 1043 267 1124 (liceto,
278 1066 341 1109 non
358 1045 460 1110 solum
477 1046 569 1112 nobis
585 1047 652 1111 nati
668 1067 776 1110 somus
786 1043 836 1131 [!],
853 1047 906 1110 sed
923 1051 1047 1129 partem
1064 1045 1167 1112 nostri
1182 1046 1297 1130 patric,

143 1150 294 1231 partenr¹
330 1151 424 1216 amici
458 1151 521 1214 sibi
554 1149 741 1230 vendicent,
772 1172 836 1215 non
871 1150 973 1215 solum
996 1151 1102 1215 verbis
1124 1151 1177 1216 sed
1200 1150 1298 1215 eciam

144 1258 258 1318 mutua
281 1255 446 1320 voluntate
479 1277 619 1320 amorem
651 1277 754 1320 meum
783 1276 969 1320 conservare
993 1256 1114 1322 studeo.
1160 1254 1242 1320 Nam
1267 1260 1299 1320 et

144 1360 316 1425 secundum
339 1360 428 1446 leges
451 1361 619 1426 canonicas
646 1382 682 1426 ec
705 1360 814 1426 civiles
837 1360 1035 1438 instruimur,
1059 1366 1182 1426 utnon
1205 1381 1298 1424 eveu-

142 1468 223 1545 tum,
248 1466 303 1531 sed
326 1467 480 1547 animum,
507 1487 569 1530 non
594 1465 742 1531 effaetum
765 1467 818 1530 sed
842 1465 1003 1546 affectum,
1026 1487 1090 1529 non
1113 1487 1220 1530 casum
1245 1466 1297 1530 sad

142 1572 347 1653 propositum
371 1572 561 1637 intueamur.
608 1569 781 1639 Considera
810 1592 887 1656 ergo
911 1576 1048 1637 mentem
1080 1593 1193 1652 meam,
1217 1570 1298 1635 desi-

145 1674 268 1740 derium
293 1696 370 1758 erga
394 1681 426 1742 te
449 1678 581 1762 respice,
603 1677 802 1741 voluntatem
826 1677 1032 1760 amplectere,
1056 1677 1148 1741 fidem
1166 1677 1298 1760 suscipe,

143 1780 364 1859 excusaciones
387 1783 529 1850 admitte.
577 1781 657 1859 Quid
674 1784 734 1847 tibi
750 1782 905 1862 dabimus,
928 1782 1004 1867 quid
1035 1783 1073 1847 de
1096 1787 1128 1846 tc
1150 1781 1298 1860 dicemus,

150 1885 228 1969 quid
252 1886 312 1950 tibi
336 1887 568 1971 pollicebimur,
593 1888 668 1972 quid
691 1888 828 1972 denique
841 1887 982 1971 cogitare
1006 1886 1191 1970 poterimus,
1215 1886 1298 1971 quod

141 1996 175 2052 te
200 1990 330 2074 dignum
351 2013 416 2057 esse
433 1993 587 2071 videatur,
610 1993 666 2077 qui
688 2013 751 2056 non
768 2014 818 2056 me
835 1991 948 2071 solum,
973 2013 1082 2056 verum
1099 1991 1197 2056 eciam
1213 1991 1298 2055 mul·

143 2099 195 2158 tos
218 2096 301 2161 viros
333 2097 413 2162 mibi
446 2098 623 2162 carissimos
655 2097 719 2162 tuis
743 2098 865 2161 meritis
896 2096 1078 2182 alligaveris
1107 2100 1140 2160 et
1161 2117 1212 2160 me
1235 2094 1299 2158 tuis

142 2201 339 2266 carminibus
356 2207 388 2269 et
400 2203 601 2268 oracionibus
623 2225 746 2286 semper
765 2203 967 2268 exornaveris
982 2223 1019 2267 ac
1034 2202 1192 2280 laudibus,
1220 2222 1298 2285 quas

144 2305 249 2371 deme
266 2307 419 2386 cecinisti,
443 2309 643 2392 splendidum
661 2308 860 2373 reddideris?
904 2307 973 2393 Ego
990 2308 1073 2373 enim
1090 2313 1161 2372 tuas
1177 2307 1298 2392 epistu-

143 2411 203 2489 las,
227 2416 375 2494 poemata
399 2413 558 2477 interdum
582 2413 742 2494 lectitans,
767 2435 861 2498 quem
878 2419 1005 2497 poetam
1029 2417 1211 2477 nostrorum
1235 2432 1298 2474 non

143 2521 359 2599 contempno?
404 2516 567 2593 Quantum
592 2519 691 2583 eciam
715 2519 899 2604 eloquentia
921 2518 1078 2598 excellas,
1101 2518 1220 2601 scripta
1242 2522 1299 2580 tua

146 2621 370 2686 honestissima
392 2622 629 2704 demonstrant,
661 2630 783 2689 utnon
809 2647 931 2702 verear,
954 2630 987 2689 te
1010 2624 1042 2688 in
1066 2623 1152 2688 omni
1177 2619 1298 2686 dicendi

143 2747 260 2811 genere
283 2727 442 2792 novellum
459 2727 641 2793 Ciceronem
665 2727 826 2812 appellare
843 2727 879 2816 [f.
898 2727 990 2816 302}
1038 2727 1172 2811 Insuper
1196 2747 1298 2811 quan·

142 2833 215 2897 dam
238 2834 404 2898 materiam
420 2831 642 2917 perscribere²
663 2840 696 2898 te
716 2834 835 2918 optavi,
861 2856 956 2919 quam
980 2855 1038 2917 per
1061 2833 1164 2897 varias
1187 2850 1298 2894 manus

144 2937 206 3002 tibi
228 2939 416 3003 mittendam
448 2960 640 3004 curaveram.
686 2938 804 3023 Ignoro
828 2944 954 3018 tarnen,
987 2943 1097 3002 utrum
1118 2959 1187 3001 eam
1210 2956 1298 3000 acce·

146 3044 241 3127 peris.
288 3042 391 3119 Quare
415 3048 446 3107 te
469 3064 548 3128 rogo
572 3050 603 3108 et
626 3048 731 3124 ortor,
763 3066 803 3108 ne
825 3044 987 3130 agraveris
1010 3043 1089 3107 mihi
1114 3042 1174 3106 hoc
1201 3041 1299 3125 nego·

143 3149 226 3213 tium
249 3150 420 3231 perficere,
452 3149 505 3213 sed
529 3149 663 3233 implere
686 3172 829 3235 peragas.
878 3150 952 3214 Tibi
983 3149 1065 3214 enim
1089 3149 1161 3232 plus
1188 3148 1295 3211 tribuo

147 3277 242 3339 quam
259 3253 371 3318 ceteris
386 3253 544 3333 omnibus,
562 3254 661 3338 quiet
676 3254 709 3317 in
726 3255 813 3318 curia
830 3260 861 3318 et
878 3260 969 3318 extra
984 3253 1104 3318 curiam
1122 3257 1298 3331 versantur,

146 3357 295 3442 quoniam
313 3358 442 3423 facilius
455 3381 549 3442 quarn
560 3360 654 3442 ceterj
669 3361 854 3426 conficiendi
866 3362 993 3426 modum
1013 3360 1110 3424 babes
1125 3364 1158 3423 et
1169 3358 1299 3423 solidius

141 3467 286 3548 prestare
298 3485 426 3546 operam
441 3485 476 3528 ac
499 3465 699 3549 diligentiam
713 3465 808 3546 vales,
823 3466 984 3550 michique
1003 3466 1099 3550 longe
1114 3465 1298 3548 gratiosae·

143 3568 396 3653 ceptabiliusque
415 3573 505 3632 tuum
525 3575 572 3632 est
595 3590 674 3652 opus
698 3591 791 3653 quam
815 3570 960 3650 aliorum,
989 3571 1044 3654 qui
1069 3569 1299 3654 quodammodo

143 3673 237 3738 rudes
261 3677 294 3736 et
317 3674 433 3737 inertes
455 3673 621 3752 videntur,
653 3676 820 3756 presertim
853 3677 1083 3741 corneliorum
1106 3680 1244 3740 mentem
1267 3679 1299 3738 et

143 3779 343 3863 propositum
375 3778 407 3841 in
444 3779 609 3844 scribendo
643 3779 810 3863 complecti
840 3781 1018 3849 debent...
1053 3780 1131 3845 Vale
1163 3780 1300 3844 feliciter

144 3889 177 3948 et
200 3905 250 3947 nre
273 3883 381 3948 amicis
406 3888 437 3946 ct
460 3883 554 3967 socijs
576 3885 795 3949 commendare
816 3908 879 3950 non
905 3887 1050 3974 negligas
1074 3890 1132 3950 etc.

712 4008 729 4049 a

214 4093 305 4148 leod.
332 4093 446 4162 partim.
553 4092 690 4148 2Diirfte
708 4055 785 4158 ¹siclr,
816 4096 867 4149 wie
895 4096 1020 4150 darselbe
1046 4091 1183 4148 ausdruck
1209 4094 1297 4145 unteu

142 4200 183 4235 nr.
204 4179 248 4246 33,
267 4181 317 4234 aul
334 4180 385 4234 das
414 4179 595 4236 abscbreiben
623 4178 699 4235 einer
725 4180 904 4236 handsehrilt
922 4182 1051 4236 beziehen
1063 4203 1070 4245 ;
1100 4178 1160 4248 vgl.
1179 4179 1299 4232 materia

141 4283 285 4345 impressa.

615 4403 824 4412 -ιη-υ--ι-η
