3106 5252
726 451 766 514 41

169 625 275 690 tendit
304 647 360 690 nec
393 625 479 690 aliud
514 625 639 691 evenire
670 625 787 704 timeo,
820 624 880 689 nisi
915 623 1014 708 ipsius
1047 623 1319 689 anichilaciouem.

171 727 255 809 Feci,
279 752 340 813 que
363 729 463 816 potui.
510 728 657 815 Vagatur
679 727 928 816 NJuremberge]
962 727 1111 795 hincinde
1135 749 1194 812 pro
1217 727 1317 793 oiffra.

722 1083 779 1155 18.

171 1223 384 1318 Sigismund
401 1225 642 1299 Gessembrot
665 1248 714 1298 an
737 1225 905 1299 cardinal
922 1225 1031 1300 Peter
1060 1249 1092 1298 v.
1110 1223 1324 1318 Augsburg.

487 1349 688 1444 Augsburg
721 1349 816 1422 1459
843 1349 921 1442 jan.
955 1349 1012 1421 21.

365 1503 428 1558 clm.
448 1503 501 1559 504
518 1503 539 1558 t.
558 1503 617 1559 397.
639 1503 782 1559 Abschrift
799 1503 960 1559 Hartmann
979 1500 1107 1557 Schedels
1117 1502 1133 1553 ¹.

175 1625 320 1690 Bittet
343 1625 409 1690 fiir
432 1627 590 1691 seinen
614 1627 717 1691 sohn
741 1623 907 1691 Ulrich
933 1648 989 1690 um
1021 1625 1112 1690 eine
1136 1624 1328 1708 pfrunde.

338 1728 707 1816 Entsehuldigung
730 1733 798 1796 der
821 1732 967 1797 anrede
991 1731 1059 1795 mit
1082 1731 1138 1796 du.

263 1869 536 1936 Reverendissimo
559 1871 592 1935 in
610 1868 738 1935 Christo
761 1873 846 1955 patri
871 1875 903 1936 et
925 1871 1062 1949 domino,
1088 1869 1215 1935 domino
1231 1867 1327 1933 Petro

178 1973 268 2038 tituli
291 1975 392 2040 sancti
416 1973 533 2040 Vitalis
567 1975 745 2060 presbitero
767 1975 922 2042 cardinali
945 1975 1134 2060 dignissimo
1156 1971 1326 2039 catedralis

180 2078 310 2144 ecclesie
325 2078 537 2165 Augustensis
560 2078 737 2166 episcopo²
761 2079 1013 2164 splendidissimo
1030 2080 1116 2165 patri
1130 2077 1327 2164 preceptori-

178 2205 239 2267 que
262 2185 323 2250 sibi
356 2185 640 2250 observandissime
664 2185 793 2251 humilis
825 2186 910 2250 filius
937 2185 1157 2271 Sigismundus
1182 2183 1327 2250 Gossem·

180 2290 252 2354 brot
274 2291 381 2355 senior
402 2289 556 2356 servitute
578 2290 713 2375 alligata
735 2313 768 2356 se
799 2291 972 2375 plurimum
995 2292 1205 2358 commendat.
1261 2287 1331 2352 Etsi

177 2394 215 2458 ad
240 2399 273 2460 te
296 2395 400 2460 virum
423 2396 706 2480 preciossissimum
738 2420 823 2464 meas
845 2398 1011 2464 admodum
1036 2398 1145 2481 inepte
1167 2394 1326 2460 confectas

178 2522 287 2566 verear
303 2501 378 2566 dare
394 2501 527 2582 litteras,
548 2502 632 2586 quia,
648 2506 741 2586 pater
758 2504 999 2586 spectatissime,
1022 2524 1086 2568 non
1109 2501 1230 2566 nescius
1246 2520 1326 2576 sum,

179 2611 268 2671 tuam
292 2606 607 2691 circumspectionem
638 2629 701 2672 non
737 2609 893 2692 puerilem
921 2608 1079 2674 scribendi
1101 2605 1325 2672 auctoritatem

179 2711 230 2775 sed
266 2733 407 2796 quosque
438 2712 593 2778 maximos
625 2733 801 2797 gravesque
835 2719 977 2779 oratores
1015 2709 1189 2796 promereri
1224 2730 1327 2791 neque

182 2817 393 2882 balbucientis
416 2818 587 2902 ydioteque
610 2823 642 2883 et
664 2818 892 2882 adulescentuli
921 2818 1031 2882 rudem
1056 2836 1184 2900 poscere
1207 2814 1328 2898 epistu-

177 2923 252 3002 lam,
275 2926 417 2988 attamen
441 2929 497 2988 tua
519 2929 584 2988 tam
608 2923 673 2990 late
708 2927 787 3006 aput
810 2924 984 2988 humanum
1008 2943 1108 3007 genus
1131 2925 1244 3005 petens
1269 2918 1327 2982 hu-

182 3028 320 3093 manitas
347 3028 436 3094 dabit
468 3029 592 3094 veniam
627 3029 731 3114 siquid
754 3029 892 3110 inculte,
922 3029 1029 3112 inepte
1052 3049 1110 3092 nee
1139 3026 1216 3092 satis
1239 3048 1257 3090 a
1280 3047 1330 3088 me

176 3135 354 3219 expolitum
389 3135 518 3220 ingenio
540 3139 597 3200 eut
629 3133 826 3200 elaboratum
855 3134 1012 3199 industria
1041 3132 1202 3217 intelliget
1222 3129 1234 3168 ³

266 3238 469 3326 Intelligeret
490 3241 633 3326 profecto
655 3245 712 3306 tna
733 3239 915 3305 humanitas
939 3261 1076 3305 meeum
1100 3258 1175 3315 esse,
1199 3237 1249 3301 cui
1272 3257 1326 3299 ne-

177 3346 315 3425 minem,
337 3366 450 3428 spero,
475 3347 605 3430 pietatis
637 3367 765 3411 munere
789 3351 821 3410 et
843 3345 1023 3412 constancia
1047 3342 1170 3410 meritis
1193 3346 1326 3424 antepo-

179 3454 279 3516 neret.
326 3450 367 3515 nt
389 3450 491 3516 multa
514 3457 550 3516 ut
574 3454 682 3537 paucis
706 3453 915 3538 complectar,
939 3448 1123 3515 suavissime
1145 3451 1248 3530 pater,
1271 3465 1330 3529 ego

179 3557 331 3635 sincerus,
355 3561 391 3620 ut
414 3557 509 3636 nosti,
531 3557 736 3640 paternitatis
759 3563 813 3622 tue
840 3577 909 3620 sum
933 3554 1026 3618 filius.
1085 3550 1131 3615 Te
1153 3551 1200 3614 ita
1222 3550 1259 3616 de
1283 3571 1333 3613 me

180 3661 373 3727 sencientem
397 3662 481 3727 clare
504 3662 643 3746 comperi
677 3661 814 3746 peractis
844 3661 907 3724 iam
931 3657 1075 3742 proxime
1098 3653 1216 3719 Christi
1240 3658 1331 3717 nata·

180 3766 265 3832 libus
288 3766 389 3845 festis,
415 3788 521 3833 coram
544 3768 701 3852 dignitate
725 3771 782 3834 tua
804 3767 879 3831 dum
903 3784 1117 3848 compararem
1141 3780 1331 3845 presensque

182 3872 457 3937 mansuetudinem
483 3878 570 3938 tuam
594 3874 699 3938 minus
722 3876 870 3939 decenter
901 3891 1046 3957 agressus
1069 3865 1175 3933 verbis
1197 3863 1333 3950 fatigari

178 4002 218 4044 ex
240 3983 332 4061 parte
354 3977 447 4043 filioli
478 3979 540 4044 mei
572 3979 705 4044 senioris
728 3977 888 4058 Udalrici‚
921 3977 976 4059 qui
1009 3974 1146 4039 secundo
1175 3971 1208 4034 in
1231 3970 1332 4036 lustro

178 4084 288 4149 Ytalie
310 4083 488 4149 studendo⁴
512 4089 544 4148 et
567 4085 659 4149 modo
675 4082 781 4148 Padue
803 4088 929 4166 tempus
945 4079 1031 4159 terit,
1056 4077 1271 4163 precabarque
1296 4080 1332 4141 ut

746 4183 767 4228 R

250 4281 263 4333 1
285 4277 348 4346 Vgl.
364 4274 553 4331 Wattenbach
570 4275 588 4328 i.
608 4274 633 4328 d.
648 4273 769 4328 Ztschrft
787 4273 806 4330 f.
819 4271 850 4326 G.
871 4271 897 4326 d.
912 4268 1079 4325 Oberrheins
1097 4267 1184 4334 XXII,
1203 4268 1246 4322 89.
1314 4267 1330 4320 2

181 4366 248 4436 Vgl.
269 4365 390 4434 Allgem.
411 4364 437 4418 d.
455 4361 625 4433 Biographie
644 4360 730 4425 XXV,
748 4361 809 4415 462.
904 4360 920 4414 3
940 4357 1044 4425 Folgen
1065 4353 1329 4423 lobeserhebungen.

180 4451 278 4522 4Vgl.
304 4450 349 4505 die
374 4451 486 4522 angebo
509 4449 539 4504 in
562 4449 624 4504 dem
650 4447 737 4502 bricia
756 4447 867 4501 Ulrichs
900 4463 953 4501 von
974 4444 1039 4499 1461
1069 4441 1218 4514 [anzeiger
1235 4440 1255 4494 f.
1273 4439 1333 4496 Kde

176 4540 206 4598 d.
226 4538 341 4595 Vorzeit
360 4537 427 4593 1879
446 4557 472 4608 p.
496 4538 543 4592 197
565 4537 606 4608 n]
628 4539 716 4592 unten
735 4552 776 4589 nr.
796 4535 839 4590 41.
