3106 5252
668 441 709 506 45

126 618 192 682 urbi
216 617 344 704 antique
367 617 535 703 dignitatis
557 613 790 702 auctoritati[s]
814 637 868 680 sue
886 615 1043 700 reliquum
1067 638 1141 680 esse.
1181 615 1263 680 Nam

122 724 301 788 creberrime
331 722 572 788 commemorari
603 721 714 800 audio,
742 743 805 805 qua
833 721 1046 787 admiracione
1066 722 1188 805 optima
1215 743 1265 784 res

121 826 239 910 publiea
260 829 292 894 in
316 829 376 893 hac
397 827 476 893 olim
495 827 629 892 florebat
653 826 731 890 urbe
754 826 878 891 cunctis
893 826 958 889 vite
974 826 1144 892 commodis
1159 826 1264 911 plenu,

121 933 191 997 adeo
212 939 248 998 ut
269 955 327 999 nec
350 933 417 998 ulla
439 933 553 998 melior
582 933 648 997 sive
677 931 856 1016 gloriosor,
889 931 979 995 nulla
1009 931 1266 1016 magnificentior

122 1041 172 1101 aut
192 1038 331 1122 pulcrior
354 1039 572 1118 estimabatur,
596 1038 642 1102 ita
665 1043 702 1102 ut
725 1038 791 1102 eius
815 1059 928 1102 nomen
951 1042 983 1101 et
1007 1037 1111 1122 gloria
1133 1059 1191 1120 per
1213 1042 1264 1101 to·

122 1147 185 1207 tum
201 1143 265 1209 fere
281 1150 439 1210 terrarum
455 1145 564 1210 orbem
582 1144 806 1210 celebraretur.
846 1141 940 1207 Nunc
957 1148 1064 1207 autern
1081 1141 1265 1206 detestanda

124 1253 303 1332 tempestate
325 1255 407 1330 orta,
431 1251 484 1315 ubi
502 1249 799 1315 iurisconsultorum
816 1253 848 1312 εὴ
863 1247 1115 1313 consiliariorum
1139 1248 1266 1331 sapiens

122 1375 154 1418 ac
175 1356 351 1420 veneranda
380 1359 523 1421 senectus
552 1377 589 1420 ac
610 1375 724 1419 nomen
748 1353 887 1432 celebre,
921 1353 976 1417 ubi
999 1374 1058 1436 pro
1081 1354 1207 1418 iusticia
1230 1373 1267 1416 ac

123 1461 299 1544 republica
321 1460 416 1527 fortis
442 1465 474 1526 et
489 1460 649 1526 indefessa
663 1459 809 1539 certacio,
839 1459 955 1543 quibus
978 1461 1072 1522 rebus
1094 1463 1185 1524 vetus
1209 1457 1266 1522 hec

121 1564 224 1630 civitas
246 1573 367 1631 ceteras
384 1567 557 1650 plurimum
582 1566 705 1630 anteire
727 1565 859 1640 solebat,
885 1586 981 1648 quam
999 1585 1083 1628 nunc
1106 1563 1172 1628 fere
1195 1584 1263 1627 om·

122 1670 208 1735 nibus
234 1671 420 1738 inferiorem
446 1673 611 1737 videmus?
650 1669 733 1736 Nam
763 1672 790 1734 si
826 1672 897 1756 quis
928 1670 1047 1755 optime
1069 1668 1267 1734 considerare

120 1775 249 1842 voluerit
274 1778 366 1842 huius
389 1778 476 1843 urbis
510 1777 709 1842 condiciones
740 1781 772 1840 et
794 1781 954 1859 tempora,
990 1775 1127 1859 reperiet
1150 1773 1266 1838 civium

123 1902 218 1946 mores
240 1888 412 1967 corruptos
440 1887 473 1947 et
496 1882 686 1959 avariciam,
721 1881 903 1964 superbiam
933 1886 1029 1965 atque
1052 1879 1267 1945 temeritatem

120 2008 222 2054 eorum
244 1988 398 2052 invasisse
421 1988 541 2052 animos
565 1993 597 2053 et
621 1987 669 2051 ita
692 1987 793 2070 ipsam
813 1986 969 2069 paulatim
984 2009 1041 2070 per
1057 1987 1180 2070 aliquot
1202 1987 1266 2048 iam

121 2088 258 2170 tempora
291 2115 329 2156 ex
351 2092 544 2176 pulcerrima
576 2097 672 2178 atque
702 2093 824 2176 optima
846 2093 1046 2157 immutatam
1070 2114 1105 2156 ac
1127 2092 1266 2175 flagitio·

118 2190 270 2260 sissimam
288 2219 353 2262 esse
369 2197 486 2261 factam
499 2197 518 2261 ¹.
543 2195 578 2282 [f.
591 2196 668 2280 271]
693 2194 938 2280 Deplangendue
954 2197 1090 2282 denique
1106 2202 1138 2261 et
1156 2198 1269 2261 merito

120 2301 197 2362 esset
218 2300 315 2366 huius
339 2302 428 2366 urbis
451 2307 563 2381 status,
588 2325 682 2387 quarn
699 2303 732 2365 in
756 2303 893 2367 maximo
916 2303 1127 2386 conspicimus
1149 2303 1268 2368 versari

119 2401 316 2487 discrimine,
349 2409 506 2493 siquidem
530 2409 616 2474 intus
646 2412 678 2472 et
701 2407 780 2472 foris
802 2411 944 2493 graviter
967 2410 1093 2492 urgeri;
1127 2410 1205 2473 foris
1229 2409 1269 2473 ab

121 2507 262 2578 hostibus
286 2515 532 2599 circumquaque
556 2514 742 2579 molestatur
765 2520 797 2579 et
820 2522 1068 2599 oppungnatur,
1092 2515 1178 2578 intus
1202 2514 1266 2577 veri

122 2616 316 2699 suspiciones
338 2620 448 2684 crebre
470 2620 629 2698 oriuntur,
652 2620 759 2684 omnia
775 2620 883 2684 invida
898 2619 1168 2705 formidulosaque
1183 2625 1268 2697 sunt,

118 2742 152 2784 ex
183 2745 283 2810 eaque
316 2725 448 2790 cottidie
477 2724 608 2790 maximi
644 2729 747 2789 motus
771 2730 1002 2809 expectantur,
1035 2731 1132 2809 prout
1155 2726 1193 2789 ad
1217 2746 1269 2789 eos

119 2825 277 2896 faciendos
307 2832 358 2897 vel
390 2831 453 2896 levi
484 2832 521 2896 de
551 2852 644 2896 causa
673 2836 825 2914 prompta
847 2831 898 2895 sit.
946 2830 1047 2905 Quam
1071 2852 1148 2914 ergo
1171 2851 1270 2912 spem,

119 2953 210 3014 quam
234 2935 443 3015 voluntatem,
468 2937 551 3023 quod
574 2935 672 3000 animi
687 2935 842 3000 solacium
865 2957 902 2998 ex
917 2935 1069 3000 istaurbe
1093 2935 1181 3017 regia
1197 2957 1268 3018 per-

118 3037 221 3121 cipere
244 3061 437 3126 pessumus,
465 3042 498 3104 in
523 3063 585 3125 qua
611 3041 686 3122 [nil]
710 3041 773 3104 nisi
796 3042 893 3105 timor
916 3045 1012 3125 atque
1035 3040 1216 3106 sollicitudo
1240 3047 1272 3106 et
1339 3025 1343 3032 ¹

116 3165 219 3210 meror
242 3146 363 3211 versari
386 3149 529 3231 poterit?
573 3143 717 3210 Videre²
742 3147 825 3210 enim
851 3147 929 3210 mihi
962 3148 1070 3211 videor
1090 3148 1269 3211 universam

121 3248 214 3314 istam
238 3252 401 3317 civitatem
425 3253 550 3317 tristem
575 3257 606 3316 et
623 3251 791 3336 lugubrem
807 3273 870 3317 non
886 3257 953 3316 tarn
969 3253 1007 3316 de
1026 3254 1154 3336 privata
1177 3275 1272 3336 quam

119 3353 155 3417 de
177 3356 310 3438 publica
332 3357 515 3422 calamitate
530 3357 620 3440 queri
644 3361 675 3420 et
698 3357 914 3439 ingemiscere.
952 3356 989 3421 ln
1004 3361 1053 3422 tot
1076 3379 1152 3442 ergo
1169 3358 1271 3434 malis,

120 3481 214 3542 quam
239 3462 492 3527 consolacionem
515 3485 554 3526 ex
570 3462 678 3526 amicis
694 3465 726 3525 et
741 3463 923 3527 necessariis
947 3464 1010 3526 tuis
1034 3485 1145 3547 capere
1169 3469 1270 3546 potes,

123 3566 175 3646 qui
200 3567 264 3650 ipsi
288 3569 397 3650 pocius
420 3568 637 3632 consolacione
660 3566 848 3650 indigeant?
893 3566 963 3630 Nisi
980 3566 1065 3632 forte
1081 3568 1138 3632 hec
1162 3590 1225 3630 una
1240 3571 1272 3630 te

120 3672 304 3737 consoletur
329 3695 386 3752 res,
412 3665 473 3757 que
495 3674 605 3756 pulcre
629 3677 660 3736 et
684 3672 849 3754 eleganter
865 3694 883 3735 a
899 3671 1030 3736 Marone
1054 3679 1163 3737 nostro
1187 3674 1273 3737 diota

116 3776 179 3840 sit:
205 3775 388 3844 ›Solacium
411 3782 460 3841 est
482 3777 605 3840 miseris
628 3775 728 3840 socios
752 3775 867 3840 habere
889 3782 1121 3860 pcccatorum«

206 3881 269 3947 Sed
302 3883 378 3966 quid
412 3885 444 3945 te
478 3882 625 3946 miserum
655 3901 721 3944 esse
745 3881 847 3964 cogit,
880 3883 955 3966 quid
979 3887 1010 3947 te
1033 3885 1196 3966 compellit
1218 3890 1273 3948 aut

118 3986 263 4070 quemvis
280 3987 354 4052 huic
370 3987 442 4051 urbi
459 3987 669 4070 presidentem
687 3986 769 4050 hanc
787 3989 958 4069 perniciem
975 3990 1094 4054 diutius
1110 3991 1273 4073 aspicere?

118 4091 244 4156 Poteris
270 4097 301 4156 et
325 4113 361 4156 ea
384 4113 521 4170 cernere,
546 4113 607 4176 quc
630 4094 685 4155 aut
708 4113 799 4156 aures
827 4097 881 4157 tue
907 4095 1136 4177 quodammodo
1160 4096 1271 4180 fugere

117 4200 148 4260 et
172 4197 306 4262 horrere
329 4199 506 4262 deberent?
553 4195 669 4276 Credo,
700 4219 750 4260 me
782 4198 952 4283 intelligia,
985 4200 1124 4282 plurima
1145 4201 1273 4265 silentio

687 4329 705 4366 ἢ(

190 4441 342 4510 lSallust,
361 4443 485 4498 Catilina
506 4446 530 4502 5.
567 4441 633 4512 Vgl.
655 4460 697 4497 nr.
716 4442 757 4496 74.
832 4444 925 4497 arod.
946 4441 1048 4497 videor.
1087 4445 1143 4500 Das
1156 4444 1275 4514 ricbtige

117 4527 145 4580 in
166 4528 223 4582 den
247 4532 406 4600 concepten.
982 4537 993 4576 ’κ
