3106 5252
708 449 750 510 55

144 620 288 704 rima(m)
312 624 468 708 impartit.
503 623 685 710 Numquam
719 626 844 692 litteras
875 632 945 692 tuas
969 629 1060 713 lego,
1093 631 1170 714 quin
1195 631 1302 696 animo

142 729 346 811 voluptatem
369 731 551 816 percipiam.
597 731 728 816 Semper
752 734 836 798 enim
860 734 1001 820 aliquam
1025 735 1187 820 egregiam
1211 736 1301 801 utili·

146 837 247 898 tatem
278 835 311 899 in
335 835 400 900 illis
423 837 599 922 comperio,
631 859 704 904 cum
735 839 787 905 rel
821 839 1013 906 consulendo
1035 841 1084 904 rel
1108 841 1304 906 admonendo

145 938 258 1018 efficis,
288 942 325 1005 ut
361 962 411 1005 me
436 941 619 1022 doctiorem,
642 942 806 1008 meliorem
838 965 875 1010 ac
897 945 1138 1028 prudentiorem
1171 945 1205 1009 in
1237 946 1303 1010 dies

150 1044 291 1108 reddam.
337 1043 391 1110 Set
413 1045 617 1126 incredibile,
649 1052 770 1131 quanto
792 1048 927 1114 nuncius
954 1049 1023 1131 ipse
1045 1071 1095 1114 me
1117 1051 1233 1134 gaudio
1255 1049 1303 1114 af·

148 1147 272 1228 fecerit,
297 1151 351 1235 qui
375 1151 454 1216 mibi
486 1153 524 1216 de
546 1152 743 1218 novitatibus
772 1153 805 1216 in
839 1153 1011 1218 Germania
1033 1153 1205 1238 diligenter
1228 1176 1301 1236 per·

149 1256 314 1320 cunctanti
346 1256 575 1338 respondebat,
602 1260 634 1320 te
657 1277 781 1322 omnem
805 1260 923 1322 etatem
950 1262 1036 1322 tuam
1061 1258 1093 1322 in
1117 1258 1305 1342 republica

147 1380 335 1425 consumere
359 1382 460 1445 neque
484 1365 541 1424 aut
563 1359 687 1424 labores
710 1360 792 1424 ullos
820 1363 876 1426 aut
907 1362 1050 1444 pericula
1071 1385 1220 1448 umquam
1245 1385 1304 1446 pro

145 1464 205 1528 illa
228 1464 348 1547 fugere.
394 1463 561 1548 Sapienter
585 1463 711 1548 quidem
735 1467 832 1549 atque
858 1465 1027 1550 magnifice
1050 1465 1129 1552 agie,
1153 1467 1304 1550 quoniam

147 1567 258 1634 Cicero
281 1590 339 1634 nos
362 1569 393 1633 in
418 1569 500 1633 libro
523 1590 579 1634 suo
603 1569 641 1633 de
663 1569 778 1634 officiis
801 1569 965 1636 adhortari
980 1571 1135 1651 risuseet,
1159 1594 1229 1637 cum
1254 1572 1304 1636 in-

146 1674 235 1758 quit:
276 1673 369 1740 »Non
393 1672 496 1739 solum
518 1674 610 1738 nobie
635 1675 702 1740 nati
726 1696 834 1740 sumus
849 1678 1001 1761 artusque
1017 1678 1129 1757 nostri,
1151 1679 1204 1743 sed
1229 1699 1303 1760 par-

148 1785 216 1844 tem
239 1780 355 1864 patria,
387 1784 510 1863 partem
542 1780 637 1845 amici
660 1780 720 1844 sibi
743 1780 930 1846 vendicant«
951 1831 1110 1848 .......
1135 1781 1305 1848 Gloriabor

148 1888 256 1948 tamen
280 1888 312 1950 et
336 1885 397 1950 tibi
414 1885 505 1951 valde
521 1886 709 1969 gratulabor
735 1884 769 1972 [f.
787 1884 888 1973 324¹²],
912 1887 938 1950 si
962 1887 1249 1970 sepeintellexero,
1273 1893 1305 1952 te

148 1989 292 2054 officium
314 1993 417 2069 tuum,
441 1990 524 2074 quod
548 1990 752 2055 vehementer
783 1991 823 2055 ab
846 1991 994 2056 omnibus
1017 1991 1233 2069 desideratur,
1259 1993 1305 2057 rei

149 2095 279 2176 publice
301 2098 469 2176 prestasse,
494 2096 572 2160 haut
587 2095 620 2160 id
637 2095 705 2159 sine
721 2095 857 2160 racione.
904 2095 1079 2162 Maximum
1096 2097 1181 2160 enim
1199 2097 1304 2162 leticie

147 2197 291 2262 fructum
313 2199 417 2282 capio,
441 2200 591 2284 quociens
613 2199 743 2284 aliquod
765 2223 784 2264 a
807 2205 839 2266 te
862 2203 1022 2286 sapienter
1045 2202 1225 2287 cogitatum
1249 2209 1304 2267 aut

152 2303 328 2386 prudenter
350 2304 469 2370 factum
493 2305 597 2370 audio.
643 2304 745 2390 Perge
769 2306 876 2390 itaque
901 2310 936 2370 ut
958 2307 1069 2390 cepisti
1096 2312 1137 2386 et,
1160 2306 1188 2370 si
1210 2306 1304 2372 laude

149 2409 306 2474 bonorum
330 2409 492 2474 hominurn
515 2410 675 2496 glorieris,
699 2433 763 2476 non
786 2410 971 2497 defatigeris
994 2411 1028 2475 in
1047 2433 1084 2476 eo
1099 2431 1215 2494 genere
1238 2412 1304 2476 vir·

148 2512 240 2591 tutis,
264 2515 296 2578 in
321 2536 384 2599 quo
408 2534 525 2598 magno
549 2515 595 2579 rei
619 2516 745 2598 publice
768 2523 801 2581 et
822 2517 932 2582 amicis
955 2521 1046 2600 potes
1070 2538 1136 2580 esse
1152 2517 1300 2600 presidio.

147 2614 354 2684 Considerate
377 2641 490 2702 nempe
512 2641 718 2703 sepenumero
735 2622 819 2684 -si
846 2620 956 2706 aliqua
971 2621 1178 2706 gratitudinis
1202 2622 1303 2704 perti-

147 2723 221 2788 cula
242 2724 276 2788 in
292 2725 337 2788 eis
352 2732 433 2790 esset
448 2763 491 2772 —
508 2727 652 2792 concives
668 2727 715 2792 tui
740 2727 902 2806 deberent,
926 2749 1020 2813 quam
1037 2726 1183 2811 diligens,
1209 2747 1304 2809 quam

149 2834 298 2898 accurata
313 2831 469 2896 maiorum
489 2837 669 2896 nostrorum
685 2831 784 2896 fuerit
799 2832 1002 2911 consuetudo,
1020 2853 1083 2915 qua
1108 2831 1186 2894 bene
1209 2830 1247 2894 de
1271 2852 1304 2894 re

151 2932 282 3018 publica
313 2936 509 3002 merentibus
540 2937 715 3002 mercedem
739 2957 775 3001 ac
798 2937 920 3019 premia
950 2937 1048 3019 digna
1087 2935 1304 3000 decreverunt.

148 3039 233 3122 Alijs
265 3040 348 3104 enim
384 3062 534 3118 coronas,
566 3042 638 3126 alijs
661 3047 803 3123 statuas,
834 3042 906 3126 alijs
930 3041 1110 3126 triumphos
1136 3045 1305 3125 ceteraque

148 3145 180 3208 id
198 3145 232 3226 (l)
256 3145 382 3229 generis
405 3146 600 3212 dedicabant.
651 3146 764 3212 Pulcra
786 3148 1002 3212 mediusfidius
1027 3146 1086 3212 hec
1110 3152 1143 3211 et
1165 3167 1184 3210 a
1206 3166 1303 3230 gene·

149 3249 230 3313 rosis
246 3249 360 3313 animis
376 3251 565 3334 adoptanda,
588 3261 634 3331 ut,
656 3275 718 3338 que
733 3254 886 3318 virtutem
900 3254 1058 3332 nutriant,
1082 3256 1116 3316 et
1137 3274 1206 3317 eum
1231 3274 1304 3336 pre·

151 3358 257 3418 sentes
279 3359 346 3418 tum
364 3362 507 3438 posteros
522 3357 561 3421 ad
578 3362 662 3422 recte
685 3359 853 3423 vivendum
869 3363 926 3423 aut
937 3357 975 3443 (l)
998 3356 1135 3434 laudem,
1157 3358 1196 3420 ad
1213 3357 1305 3422 decus

151 3459 306 3538 alliciant,
329 3461 472 3526 animent
495 3465 528 3526 et
550 3462 729 3527 incendant.
770 3462 866 3532 Aliud
891 3466 959 3526 erat
982 3461 1107 3525 illustre
1122 3481 1196 3524 eane
1218 3482 1302 3526 reso-

148 3564 373 3630 nantissimum
397 3566 590 3648 premiorum
616 3587 726 3651 genua,
757 3565 885 3631 domina
900 3585 936 3630 ac
958 3565 1071 3647 regina
1094 3585 1210 3642 rerum,
1233 3585 1304 3629 ora·

147 3671 206 3750 cio,
231 3692 293 3755 que
316 3671 418 3736 claros
443 3671 538 3751 viros,
564 3694 626 3756 que
655 3671 799 3755 populos,
823 3692 884 3755 que
906 3669 1054 3735 naciones
1077 3689 1115 3732 ex
1138 3670 1306 3734 vetustatis

148 3775 307 3840 morsibus
330 3775 482 3859 eripiens,
511 3777 755 3842 immortalitate
778 3777 920 3842 donaret.
967 3775 1036 3840 Hae
1052 3779 1084 3838 te
1099 3774 1225 3853 donare,
1248 3797 1305 3858 pa·

147 3883 196 3944 ter
219 3880 436 3966 integerrime,
459 3886 493 3946 et
514 3883 652 3968 proluis
676 3883 807 3946 summis
830 3882 861 3946 in
887 3885 1027 3946 nostram
1052 3901 1118 3944 rem
1143 3880 1303 3962 publicam

149 3986 273 4050 meritis
296 4006 409 4050 ornare
432 4008 589 4070 cuperem,
613 3987 640 4051 si
657 4009 719 4073 qua
742 3988 821 4051 mibi
845 3987 895 4052 vel
917 3986 1048 4071 ingenio
1070 3984 1121 4050 rel
1145 3984 1303 4048 industria

148 4093 224 4155 data
255 4097 312 4156 aut
346 4097 530 4176 comparata
563 4092 697 4156 facultas
730 4096 829 4168 esset,
862 4113 924 4175 que
947 4091 1078 4155 eximias
1101 4089 1210 4153 laudes
1233 4092 1304 4152 tuas

147 4197 297 4280 consequi
322 4202 448 4283 posset,
481 4202 513 4262 et
537 4197 686 4281 quoniam
716 4234 755 4245 -
779 4202 815 4261 ut
839 4196 1018 4261 concivium
1043 4200 1172 4259 tuorum
1197 4200 1306 4276 partes

147 4303 308 4387 suscipere
331 4303 438 4367 videar
467 4339 503 4348 -
525 4303 638 4387 dignas
660 4306 769 4385 grates
792 4303 911 4366 referre
942 4307 974 4366 et
1005 4300 1098 4366 rebus
1132 4299 1210 4383 ipsis
1233 4320 1305 4382 per-

148 4409 270 4473 solvere
292 4408 435 4490 ipsorum
456 4405 589 4494 opler]is
618 4429 681 4472 non
706 4412 770 4486 est,
804 4408 886 4471 hanc
908 4427 1010 4470 meam
1034 4403 1204 4488 epistulam
1228 4425 1299 4467 eon·

152 4513 396 4598 gratulatoriam
421 4513 519 4578 veluti
543 4514 644 4577 tocius
667 4513 778 4596 populi
797 4511 1009 4595 Augustensis
1026 4510 1112 4574 vivas
1136 4529 1235 4586 voces,
1260 4511 1305 4573 in·
