3092 5244
803 434 864 498 136

255 612 320 677 sive
344 614 487 696 quemvis
512 612 620 676 alium.
673 610 789 674 Eodem
814 630 871 674 nos
894 609 1003 673 itidem
1028 609 1137 687 modo,
1175 610 1202 672 si
1226 613 1262 673 ut
1285 608 1402 674 indele-

256 715 330 780 bilis
353 717 395 780 eit
417 718 500 800 apud
527 738 583 781 nos
606 715 776 800 probitatis
803 715 980 794 sentencia,
1004 715 1160 798 cupimus,
1183 737 1255 780 cnm
1277 715 1328 778 hic
1352 737 1405 780 ax-

258 822 376 887 traneis
411 823 586 907 disciplinis
617 821 770 887 fuerimus
801 821 934 900 imbuti,
968 827 1045 886 tunc
1078 820 1175 885 sacris
1211 823 1243 884 et
1274 819 1407 884 occultis

255 947 383 1008 operam
410 927 554 992 dabimus
586 930 618 990 et
658 925 749 1010 quasi
778 924 877 991 solem
908 926 941 988 in
964 947 1047 1011 aqua
1077 925 1167 1009 prins
1188 925 1294 990 videre
1317 945 1407 990 asue-

255 1031 333 1095 facti
356 1031 395 1096 ad
420 1033 524 1117 ipsam
548 1032 652 1096 lucem
674 1031 851 1116 dirigamus
875 1030 1059 1095 intuitum¹
1075 1077 1210 1096 ......

345 1133 379 1222 [f.
394 1135 483 1221 263³]
567 1135 628 1200 Per
644 1135 746 1201 multa
766 1139 877 1220 postea
889 1136 1077 1200 documenta
1094 1135 1248 1199 salutaria
1264 1136 1408 1219 vagando

257 1240 405 1323 suspiriis
426 1242 538 1307 multis
563 1241 685 1305 hortari
710 1240 1002 1325 quamplurimum
1027 1239 1107 1303 mibi
1132 1240 1259 1319 videris,
1282 1245 1319 1303 ut
1335 1261 1404 1303 eam

254 1345 339 1410 viam
362 1347 599 1431 amplectemur,
629 1367 691 1430 qua
713 1346 789 1409 deus
811 1367 884 1409 vere
908 1349 1138 1428 cognoscatur,
1173 1345 1312 1428 perfecte
1334 1344 1407 1408 dili-

257 1455 354 1532 gatur
376 1457 435 1518 etc.
487 1451 538 1517 Ad
561 1453 644 1537 quod
668 1451 746 1516 facit
770 1452 867 1532 bene,
899 1452 982 1535 quod
1005 1451 1117 1515 scribit
1143 1450 1332 1514 Aristoteles
1356 1472 1404 1513 se·

256 1556 357 1620 eundo
392 1559 430 1622 de
460 1558 582 1636 anima,
615 1557 653 1621 de
676 1556 832 1639 potencijs
860 1556 970 1620 anime
993 1557 1069 1620 dum
1092 1556 1213 1640 inquit,
1252 1559 1408 1639 quatenus

256 1658 317 1743 ipsi
333 1661 438 1728 divino
454 1667 487 1727 et
502 1660 675 1727 immortali
692 1657 726 1748 [f.
738 1660 815 1745 264]
833 1661 1027 1744 participent
1050 1662 1220 1727 secundnm
1237 1661 1318 1746 quod
1333 1678 1405 1742 pos·

256 1768 341 1829 sunt.
396 1765 511 1832 Omnia
545 1767 628 1830 enim
666 1786 760 1829 causa
800 1764 888 1829 illius
920 1770 1039 1850 agunt,
1079 1787 1276 1849 quecumque
1307 1767 1408 1848 agunt

258 1871 429 1935 secundum
452 1876 619 1946 naturam;
645 1869 784 1954 qualiter
807 1871 906 1935 eciam
930 1893 1006 1955 erga
1029 1873 1120 1936 deum
1139 1891 1248 1953 gerere
1272 1889 1328 1934 nos
1352 1869 1404 1932 de·

257 1974 377 2053 bemus,
401 1975 562 2041 Lactaneii
587 1975 682 2039 verba
705 1977 967 2054 commemorabo,
992 1977 1048 2060 qui
1071 1976 1194 2061 inquit:
1221 1973 1309 2039 »Hae
1332 1995 1407 2038 con·

257 2079 380 2144 dicione
403 2081 601 2164 gingnimur,
624 2085 660 2144 ut
683 2081 775 2163 gnati
799 2100 855 2143 nos
878 2081 937 2145 deo
960 2081 1044 2146 iusta
1069 2086 1101 2146 et
1124 2079 1232 2144 debita
1255 2077 1408 2162 obsequia

257 2184 475 2266 prebemus«
528 2185 623 2249 Hunc
651 2185 754 2250 solum
781 2185 980 2264 noverimus,
1004 2186 1090 2251 hunc
1113 2204 1299 2270 sequamur,
1324 2184 1405 2268 quod

258 2293 335 2352 tunc
357 2289 419 2354 rite
442 2290 606 2368 faciemus,
635 2311 706 2355 cum
729 2312 748 2354 a
770 2289 860 2372 viciis
888 2291 1130 2356 abstinebimus.
1177 2288 1288 2354 Nichil
1312 2289 1405 2368 enirn,

260 2398 296 2457 nt
312 2393 393 2458 idem
404 2393 591 2458 Lactanoius
602 2395 718 2478 inquit,
730 2399 839 2460 saneta
855 2399 888 2459 et
903 2394 960 2460 illa
975 2396 1150 2479 singularis
1163 2395 1310 2458 maiestas
1321 2393 1406 2458 aliud

257 2499 297 2562 ab
321 2499 447 2565 homine
469 2499 641 2574 desiderat,
675 2521 770 2582 quam
793 2498 893 2564 solam
914 2501 1146 2580 innocenciam,
1182 2522 1243 2583 qne
1265 2499 1405 2563 omnium

257 2607 305 2666 eet
328 2603 481 2668 viciorum
512 2603 661 2687 expulsio.
714 2601 878 2669 Viciorum
910 2611 1016 2670 autern
1051 2605 1195 2670 carencia
1219 2626 1281 2669 non
1305 2604 1405 2668 solum

257 2708 348 2772 nobis
371 2708 421 2772 dei
444 2709 585 2793 graciam
609 2708 810 2788 reconciliat,
838 2711 1012 2775 sedeciam
1038 2711 1137 2774 vitam
1160 2711 1192 2773 in
1217 2710 1277 2774 hoc
1302 2710 1404 2774 seculo

258 2813 447 2897 quieoiorem
464 2818 594 2898 prestat.
641 2815 797 2898 Experior
813 2823 845 2879 et
861 2837 932 2899 ego,
955 2816 1116 2881 carissime
1131 2815 1240 2894 frater,
1257 2815 1403 2879 universa

259 2917 353 2982 huius
377 2921 486 2983 mundi
517 2920 625 2984 futilia
655 2925 686 2984 et
711 2920 896 2984 transitoria
930 2926 962 2985 et
985 2943 1065 2985 vana
1098 2925 1130 2984 et
1153 2919 1201 2983 nil
1225 2919 1348 2984 dulcius
1372 2942 1405 2984 ac

258 3024 422 3087 iocundius
445 3024 546 3090 solido
569 3024 698 3090 homino
724 3026 895 3109 prospicio,
919 3048 1015 3110 quam
1044 3027 1134 3091 deum
1159 3025 1296 3109 diligere
1312 3025 1342 3092 ².
1357 3076 1364 3091 .
1380 3075 1406 3091 ..

259 3126 450 3192 Habundius
473 3133 505 3192 te
526 3130 606 3194 meis
630 3131 888 3212 persuasionibus
914 3132 952 3195 ad
968 3153 1036 3195 eam
1053 3132 1254 3196 deflecterem
1270 3137 1402 3215 partem,

257 3231 320 3295 nisi
343 3235 375 3296 te
398 3232 432 3294 in
455 3233 556 3315 ipsam
581 3239 637 3296 tua
659 3238 772 3316 sponte
802 3236 946 3317 apprime
970 3236 1160 3300 inclinatum
1186 3237 1406 3320 percepissem.

259 3335 386 3399 Etenim
410 3339 446 3400 ut
468 3340 501 3401 te
525 3335 653 3402 Catonis
678 3339 780 3403 nostri
804 3341 1021 3405 autenticum:
1054 3339 1182 3424 »Turpe
1206 3346 1253 3406 est
1277 3343 1407 3420 doctori,

258 3464 328 3506 cum
353 3441 447 3524 eulpa
470 3444 635 3528 redarguit
658 3445 782 3527 ipsum«
809 3445 840 3508 in
864 3468 912 3510 me
935 3446 1031 3510 silere
1047 3447 1172 3527 faciam,
1196 3447 1278 3512 scias
1302 3470 1352 3512 me
1375 3449 1406 3512 in

257 3548 321 3612 dies
344 3548 421 3612 totis
444 3570 575 3632 querere
598 3550 728 3629 nisibus,
754 3552 910 3633 quomodo
933 3574 951 3614 a
973 3552 1049 3636 iugo
1072 3551 1235 3616 servitutis
1259 3551 1293 3640 [f.
1319 3555 1406 3642 264‘2]

257 3658 395 3720 humane
418 3652 550 3729 evellam
575 3656 632 3719 deo
656 3656 791 3720 serviam
814 3661 847 3720 et
871 3656 1072 3722 humillimas
1095 3659 1262 3725 refundam
1285 3662 1407 3745 graeias

257 3761 399 3827 omnium
422 3759 589 3842 largitori,
622 3763 705 3846 quod
734 3766 772 3826 ut
796 3783 832 3826 eo
854 3763 1012 3828 salubrius
1035 3765 1208 3849 adimplere
1241 3766 1407 3848 possimus,

258 3867 308 3929 lex
331 3865 400 3947 ipsa
423 3865 602 3929 constancie
636 3872 809 3950 utrumque
833 3888 889 3931 nos
913 3867 1078 3948 admonet,
1111 3875 1147 3934 ut
1179 3872 1292 3934 necin
1318 3873 1408 3936 malis

257 3971 476 4055 persistamus,
500 3992 556 4034 nec
580 3972 611 4034 in
637 3973 726 4035 bonis
760 3973 857 4046 simus
881 3974 972 4058 vagi,
1005 3975 1080 4059 quia
1102 3979 1139 4038 ut
1162 3973 1280 4042 Seneca
1303 3978 1407 4062 inquit

825 4077 840 4113 *

329 4155 342 4208 1
364 4153 419 4208 Das
438 4154 569 4222 folgende
594 4155 663 4226 [hier
689 4155 907 4226 weggelaseene]
935 4158 1045 4212 stimmt
1063 4159 1256 4228 grosstenteils
1277 4161 1404 4215 wortlich

257 4242 310 4297 mit
328 4242 391 4296 dem
410 4241 676 4312 ermahnungsbrief
693 4260 730 4298 an
750 4243 1043 4308 HartmannSchedel,
1064 4246 1134 4302 oben
1148 4264 1175 4315 p.
1192 4248 1234 4303 98,
1273 4247 1330 4302 Das
1348 4265 1406 4304 con·

258 4332 322 4399 cept
333 4329 385 4383 hat
395 4329 468 4384 deun
477 4330 548 4384 auch
561 4333 632 4386 nach
644 4331 698 4386 den
707 4335 830 4388 werten:
859 4333 971 4403 »aliqua
980 4334 1017 4388 sit
1031 4352 1174 4390 accessura
1188 4335 1307 4400 utilitas,
1320 4336 1406 4392 veluti

258 4415 314 4485 hij«
335 4415 459 4471 einfaoh:
481 4417 606 4487 »reliqua
624 4419 688 4474 vide
707 4421 852 4490 sequeneia
871 4421 901 4476 in
911 4421 1039 4478 Basilio«.
1091 4425 1107 4476 2
1128 4425 1183 4478 Das
1197 4423 1329 4493 folgende
1349 4425 1407 4478 hier

259 4502 462 4573 weggelassena
480 4505 608 4560 wdrtlich
627 4529 661 4553 =
680 4507 751 4564 oben
770 4527 790 4565 s.
810 4509 851 4565 74.
