3106 5246
802 705 862 777 70.

262 847 454 921 Hermann
476 845 630 920 Schedel
664 869 712 918 an
740 845 953 919 Hartmann
981 845 1148 926 Sohadel.
1196 847 1415 944 [Augsburg

752 967 850 1040 1466
877 965 915 1066 ¹].

499 1097 564 1151 clm.
583 1095 635 1151 224
652 1097 672 1153 f.
691 1097 726 1150 40
743 1096 856 1166 einlago
872 1097 902 1152 in
921 1115 1008 1155 verso.
1045 1097 1176 1169 Goncept

262 1223 507 1307 Besorgung
534 1221 833 1304 juristiscber
863 1222 1024 1288 bucher
1058 1223 1124 1287 fiir
1147 1223 1228 1286 den
1251 1222 1419 1286 bruder

261 1327 512 1393 Jobannnes.
545 1324 1145 1411 Dankfdrdiefibersendung
1169 1326 1417 1391 vonscbrii-

696 1435 764 1496 ten
788 1429 982 1496 Ciceros.

351 1581 493 1648 Salutem
516 1581 689 1665 plurimam
705 1579 792 1645 dicit.
845 1578 969 1644 Distuli
986 1580 1138 1644 haetenus
1154 1580 1214 1645 tibi
1231 1580 1423 1664 respondere
1540 1601 1541 1670 l

264 1711 302 1753 ex
326 1707 373 1765 ao,
397 1687 473 1772 quia
495 1707 624 1770 operam
647 1684 745 1749 habui
779 1685 818 1749 de
841 1685 932 1749 libris
954 1683 1034 1748 iuris
1067 1685 1224 1768 pontificij
1259 1707 1319 1769 pro
1343 1707 1418 1769 ger-

264 1814 358 1858 mano
381 1797 437 1856 tuo
451 1789 476 1872 ²,
499 1795 535 1856 ut
557 1790 679 1870 scribis,
702 1789 939 1871 comparandis,
969 1811 1049 1872 quos
1077 1811 1233 1874 nusquam
1257 1790 1421 1874 hucusque

264 1896 390 1964 venales
413 1896 526 1981 reperi.
577 1894 704 1960 Pcrrari
728 1900 803 1958 sunt
825 1893 869 1976 hij
894 1893 970 1957 libri
985 1897 1065 1977 aput
1082 1915 1149 1974 nos,
1171 1896 1340 1977 presertim
1357 1893 1422 1959 De·

264 2008 396 2069 cretum.
453 1999 625 2065 Providere
659 1999 718 2063 sibi
742 2000 781 2064 de
803 1997 899 2064 Sexto
932 2004 965 2063 et
993 1997 1198 2064 Clementini·
1221 1999 1254 2062 in
1277 1997 1420 2064 Franck-

264 2109 368 2174 fordia
387 2129 451 2172 non
475 2107 614 2184 omittas,
637 2104 767 2168 omnino
799 2104 937 2168 consulo.
989 2106 1082 2168 Anno
1108 2103 1270 2188 {preterito
1292 2102 1422 2169 venales

265 2215 318 2279 hic
340 2212 472 2276 fuerunt
498 2210 574 2275 libri
595 2209 765 2294 utriusque
787 2209 867 2273 iuris
882 2231 939 2293 per
954 2215 1089 2274 mortem
1110 2210 1141 2274 d.
1158 2210 1267 2275 decani
1290 2211 1421 2275 ecclesie
1541 2285 1542 2304 χ

264 2319 396 2386 maioris
427 2315 576 2395 relicti³,
606 2319 655 2380 sat
685 2314 778 2379 modo
808 2335 918 2379 omnes
947 2315 1078 2380 venditi.
1138 2313 1201 2380 Pro
1226 2315 1420 2399 competenti

265 2431 342 2491 tuno
364 2423 468 2509 pretio
492 2423 682 2502 habuissem,
704 2423 732 2486 si
754 2422 787 2486 id
809 2427 886 2488 tunc
910 2421 990 2486 mibi
1013 2422 1212 2488 innotuisset.
1270 2421 1417 2506 Diligen-

267 2532 345 2595 tiam
366 2536 472 2595 tamen
496 2528 646 2593 adhibere
668 2526 770 2592 adhuc
792 2549 856 2592 non
872 2527 1028 2592 omittam.
1062 2527 1103 2592 Et
1133 2549 1202 2593 curn
1220 2527 1291 2603 ribi,
1307 2531 1421 2611 patrue

266 2635 484 2700 amantissime
519 2633 647 2718 singula
681 2633 719 2697 ad
754 2638 829 2697 vota
864 2632 989 2698 evenire
1021 2631 1145 2710 vellem,
1180 2637 1325 2716 optaram
1360 2631 1419 2694 ali·

267 2741 393 2825 quando
415 2737 597 2823 intelligere
619 2739 684 2803 tuis
700 2739 829 2821 scriptis
852 2738 1060 2803 valitudinem
1080 2739 1193 2803 nedum
1218 2739 1333 2803 bonam
1349 2757 1418 2802 cor·

267 2847 354 2930 poris
378 2845 437 2925 tui,
462 2866 571 2910 rerum
598 2849 630 2908 et
645 2864 821 2908 successum
845 2864 1031 2927 prosperum
1048 2843 1187 2926 practica
1201 2843 1355 2908 medicine
1378 2847 1420 2921 et,

268 2973 330 3035 qua
365 2971 459 3036 agere
492 2951 711 3036 inposterum
745 2949 987 3029 deliberaveris,
1021 2971 1071 3013 me
1100 2949 1228 3032 scriptis
1258 2948 1323 3012 tuis
1352 2969 1420 3012 cer·

267 3060 338 3120 tum
359 3055 454 3119 redde
471 3104 478 3119 .
496 3103 526 3120 ..

342 3229 355 3282 1
375 3223 518 3296 Datirnng
536 3226 608 3282 nach
624 3227 672 3282 der
692 3169 866 3298 erwdhnnrig
875 3225 990 3282 Gessele.
1018 3227 1082 3296 Vgl.
1101 3227 1171 3282 auch
1190 3226 1283 3281 nr.72.
1337 3225 1423 3281 2J0·

269 3315 384 3382 harnes,
393 3313 442 3368 der
452 3313 509 3368 sich
521 3315 581 3371 also
589 3312 618 3368 in
626 3313 764 3385 Leipzigss
776 3317 906 3368 samester
917 3314 1099 3384 ausgehaltan
1110 3315 1162 3370 hat
1169 3314 1252 3385 [oben
1260 3312 1355 3383 nr.6l]
1366 3314 1422 3368 und

269 3402 327 3457 sich
347 3417 404 3455 nun
423 3400 547 3458 offenbar
565 3401 611 3457 bei
630 3402 793 3456 Hartmann
812 3401 842 3455 in
855 3401 1005 3472 Niirnberg
1023 3402 1160 3467 berndec,
1180 3401 1251 3473 [vgl.
1271 3402 1318 3456 llir
1335 3401 1421 3455 Hart-

269 3508 356 3546 mann
368 3489 557 3545 Wattenbaelr
577 3491 596 3546 i.
615 3490 641 3544 d.
655 3489 852 3560 Forsohungen
866 3489 914 3554 xl,
927 3489 993 3560 370]
1010 3508 1058 3544 um
1079 3509 1134 3548 von
1152 3489 1189 3547 da
1208 3490 1281 3545 nach
1295 3490 1423 3559 Bologna

269 3597 303 3632 au
321 3578 410 3648 gehen
431 3596 452 3632 s.
471 3597 497 3637 u.
516 3597 558 3634 nr.
577 3579 620 3634 79.
664 3576 718 3632 Der
736 3576 811 3631 brief
826 3577 894 3632 ralla
911 3577 969 3634 also
1001 3578 1074 3634 wohl
1092 3578 1123 3632 in
1142 3578 1196 3634 den
1214 3577 1340 3635 oktobar.
1377 3576 1420 3631 ob

269 3664 410 3720 Johannes
433 3665 464 3719 in
491 3665 605 3736 Leipzig
628 3663 829 3719 baccalaureus
854 3664 1018 3733 gervardam,
1050 3665 1088 3719 irt
1112 3664 1192 3720 nicht
1218 3666 1328 3735 gesagt.
1373 3663 1423 3719 Die

270 3749 415 3822 Leipzigcr
434 3752 568 3806 matrikel
595 3750 706 3806 enthtlt
730 3751 802 3806 nach
821 3750 1010 3812 freundlicher
1038 3751 1203 3822 mitteilung
1222 3751 1271 3806 der
1289 3749 1421 3820 dortigen

271 3838 615 3895 universitl'atsbibliothek
633 3837 725 3893 nichts
743 3838 871 3893 dariiber.
978 3839 997 3893 3·
1015 3839 1161 3894 Leonhard
1185 3839 1279 3894 Gessel
1312 3856 1334 3892 s.
1353 3839 1424 3894 oben

271 3945 312 3981 nr.
327 3927 369 3981 64.
411 3925 506 3983 Gessel
518 3927 651 3981 schenkte
669 3927 754 3982 sehon
771 3925 816 3980 bei
834 3925 973 3982 lebaaiten
984 3927 1086 3982 bucher
1108 3944 1145 3981 an
1162 3927 1269 3983 kloster
1282 3925 1322 3980 St.
1337 3926 1424 3995 Mang

270 4014 315 4069 bei
333 4013 437 4069 l‘tissen
457 4031 477 4068 s.
497 4013 644 4079 Steichele,
664 4013 696 4068 D.
710 4013 818 4067 Bistnm
835 4013 986 4083 Augeburg
1004 4015 1051 4080 IV,
1070 4014 1123 4069 395
1151 4014 1207 4068 und
1238 4016 1292 4068 den
1312 4013 1422 4081 cintrag

269 4102 299 4156 in
318 4101 376 4156 cod.
397 4102 434 4166 ll,
459 4104 471 4157 l
492 4101 538 4158 fol.
567 4104 615 4156 154
641 4101 690 4157 der
716 4087 913 4170 llttingischen
940 4100 1097 4157 bibliothek
1123 4118 1157 4156 au
1180 4100 1352 4170 Maihingen.
1391 4101 1421 4154 ln

270 4189 328 4246 cod.
348 4189 384 4254 Il,
405 4192 417 4245 l
438 4190 485 4247 fol.
506 4190 555 4246 108
574 4189 718 4244 darselben
744 4188 914 4254 bibliothelr,
943 4188 1083 4243 ebcnfalls
1102 4204 1151 4242 aus
1170 4187 1288 4252 Elisson,
1314 4189 1421 4243 enthal-

270 4277 338 4331 tend
350 4276 581 4334 Bartholomaeus
600 4277 633 4333 de
647 4276 801 4341 Glanvilla,
821 4275 861 4331 De
879 4276 1100 4347 proprietatibus
1122 4293 1222 4340 rarum,
1242 4276 1332 4331 steht:
1351 4293 1421 4331 com·

270 4367 388 4436 paratus
406 4383 457 4436 pro
475 4365 514 4420 Vl
532 4365 589 4422 flor.
609 4368 637 4420 et
656 4364 711 4420 fuit
737 4365 889 4435 aliquando
909 4365 1015 4420 domini
1033 4364 1133 4419 decani
1152 4363 1310 4419 Leonhardi
1329 4363 1421 4419 (lessel

271 4453 457 4522 Angustensis
476 4454 588 4510 ecclesie
614 4456 724 4525 emptus
747 4470 765 4507 a
790 4453 928 4522 magistro
947 4450 1079 4508 Heinrico
1110 4451 1166 4504 Liir
1188 4451 1309 4521 plebano
1327 4453 1358 4506 in
1377 4449 1419 4502 Di-

270 4541 368 4612 lingen
388 4561 462 4599 anno
483 4543 591 4598 LXVll.
