3106 5246
668 427 728 494 175

124 603 257 668 consilio
290 604 432 688 optimo,
464 625 497 668 ee
527 602 754 669 exhibuissent.
799 603 889 669 Haut
911 605 1041 686 dubito,
1073 629 1106 670 se
1137 610 1222 672 totos
1245 610 1278 671 et

14 733 15 810 p
124 709 231 775 forsan
256 711 295 774 nd
310 710 446 789 saniora,
462 715 500 774 ιιι
511 709 708 794 quorundam
722 711 953 794 fidedignorum
964 715 995 774 et
1008 709 1277 799 magnific[or]um

14 835 15 846 ¹
124 815 282 880 relacione
308 814 453 898 percepi,
477 813 680 894 habuissent,
704 837 777 880 nam
802 819 839 880 ut
861 820 1017 891 usserunt,
1040 838 1073 881 se
1095 822 1219 900 spretos
1243 822 1275 882 et

123 942 181 986 nec
204 920 297 984 fidem
324 923 356 983 et
379 919 603 984 confidentiam
632 920 677 984 eis
700 920 810 985 haberi
833 920 932 986 ullam
957 921 1108 1005 suspicati
1136 921 1277 988 fuerunt.

123 1023 254 1090 Certum
289 1025 458 1101 habetote,
493 1023 650 1107 primores
681 1024 768 1089 urbis
800 1024 894 1089 huius
923 1026 1178 1111 Augustensibus
1210 1047 1275 1090 non

122 1130 228 1194 minus
257 1151 353 1214 quam
379 1130 510 1214 proprio
533 1130 663 1194 comodo
685 1129 970 1215 ferere-vulgus
987 1131 1170 1215 imperitum
1186 1153 1275 1197 secus

125 1235 317 1320 quandoque
340 1235 432 1321 ιιςίι1
448 1271 492 1282 --
508 1235 541 1298 in
556 1235 739 1321 multisque,
763 1258 824 1320 que
844 1237 889 1301 eis
904 1237 1021 1317 inuste,
1045 1237 1152 1320 impie,
1177 1242 1274 1302 teme·

123 1343 216 1419 rnrie,
249 1341 417 1425 tyrannice
436 1341 572 1425 denique
590 1341 785 1420 obiciuntur,
809 1342 922 1407 nedum
937 1342 1043 1406 dolere
1058 1348 1106 1406 eet
1123 1346 1155 1405 et
1170 1342 1277 1406 omnis

124 1468 202 1530 egre
227 1445 323 1526 ferre,
345 1451 566 1530 retorquentes
588 1446 683 1530 plura
705 1468 741 1512 ao
763 1469 844 1532 pene
870 1448 977 1512 omnia
1002 1447 1034 1512 in
1052 1444 1274 1532 H[ainrionm]

123 1548 306 1638 Erel[bach]
320 1550 342 1630 ²,
365 1551 455 1616 cuius
470 1552 674 1635 suggestione
697 1550 874 1634 dyabolica,
890 1573 953 1636 qua
968 1551 1095 1617 fovetur
1110 1556 1142 1616 et
1166 1553 1199 1616 in
1216 1553 1275 1616 hu·

122 1658 235 1736 manis,
257 1657 319 1721 hen
346 1657 493 1740 piissimo
515 1656 635 1736 divino,
658 1656 779 1721 iamdiu
801 1662 1021 1736 conservetur,
1051 1659 1143 1746 plura
1166 1657 1199 1720 in
1222 1678 1274 1720 ex·

124 1763 242 1828 cidinm
267 1768 301 1826 et
325 1762 461 1840 ruinam,
484 1763 512 1826 si
535 1767 651 1846 posset,
674 1761 931 1846 Augustoneibus
952 1762 1197 1828 machinaretur.
1238 1761 1278 1826 lit

14 1929 15 1934 ,
125 1889 320 1954 quamquam
337 1867 521 1933 lavorosum
535 1867 680 1933 habeatis
696 1869 730 1932 in
747 1867 858 1932 multis
874 1869 1109 1952 imperatorem,
1133 1868 1165 1931 in
1183 1889 1276 1953 quem

124 1979 156 2038 et
178 1973 349 2038 maximam
379 1979 517 2038 vestram
541 1974 699 2052 fiduciam,
722 1979 760 2038 ιιι
776 1995 815 2039 ex
837 1974 1017 2058 impetratis
1032 1973 1143 2038 multis
1167 1973 1276 2051 oleret,

123 2116 167 2127 -
188 2077 280 2143 nulla
306 2083 413 2143 tamen
439 2080 626 2146 exconcione
652 2101 802 2164 umquam
826 2080 912 2146 facta
936 2119 974 2128 -
1004 2080 1140 2164 ponitis,
1170 2079 1279 2158 timeo,

125 2184 253 2249 tandem
287 2206 327 2247 ne
357 2204 413 2267 spe
445 2185 532 2249 omni
563 2184 711 2250 frustrati
737 2207 793 2251 vos
815 2185 947 2250 delictos
969 2186 1116 2251 senciatis
1129 2182 1152 2250 ⁸.
1212 2183 1277 2248 Ne·

124 2289 292 2354 cessarium
324 2308 402 2372 ergo
425 2288 500 2354 duxi
524 2295 649 2356 maturo
670 2290 803 2355 consilio
824 2312 904 2373 opus
927 2311 994 2356 esse
1017 2292 1050 2354 in
1072 2313 1108 2356 re
1130 2295 1197 2356 tam
1226 2312 1278 2354 ar-

127 2396 188 2460 dua
211 2415 300 2458 mora
322 2393 409 2459 omni
424 2398 554 2472 semota,
578 2417 640 2479 que
662 2395 769 2478 sepius
791 2416 904 2460 nocere
926 2395 1063 2474 videtur,
1093 2401 1125 2460 et
1148 2394 1279 2461 consilia

130 2503 319 2578 exterorum,
337 2498 504 2583 presertim
521 2497 855 2584 Nurembergensium,
871 2499 1053 2564 stallorum
1070 2501 1166 2580 edire,
1190 2523 1278 2586 quos,

125 2613 160 2672 ut
183 2613 287 2672 certus
309 2627 389 2684 sum,
412 2605 579 2670 fidissimos
610 2606 644 2668 in
668 2606 781 2670 vestris
819 2605 952 2691 agendis
977 2608 1138 2672 consultos
1161 2606 1278 2672 habere

124 2711 281 2796 poteritis,
309 2711 364 2795 qui
388 2711 487 2774 eciem
510 2731 574 2774 non
606 2709 711 2774 minus
742 2711 780 2774 de
803 2733 860 2775 suo
882 2733 977 2795 quam
1011 2716 1115 2777 vestro
1138 2712 1278 2798 gaudent

125 2817 266 2882 comodo.
311 2814 539 2882 Detestabilius
563 2821 670 2881 tamen
693 2817 740 2880 nil
763 2838 915 2901 umquam
930 2823 1009 2901 aput
1035 2839 1091 2883 vos
1113 2818 1277 2896 abhorrui,

125 2944 218 3007 quem
250 2921 403 2986 intestina
426 2921 510 2986 belle
532 2923 717 3007 detecteqne
732 2923 814 3003 odis,
838 2923 1018 2988 simultates
1037 2924 1172 3008 denique
1194 2924 1278 2989 inter

123 3049 155 3092 se
178 3047 350 3104 exercere,
373 3026 456 3092 cives
479 3047 551 3090 cum
573 3026 694 3091 civibus
726 3027 765 3090 de
789 3026 910 3092 honore
945 3027 1124 3112 officijsque
1146 3033 1277 3107 certare,

16 3211 17 3218 ἵ
125 3155 186 3217 que
206 3131 315 3198 omnia
337 3131 376 3196 ed
400 3131 574 3214 perniciem
598 3135 630 3196 et
651 3153 795 3198 oceasum
824 3133 869 3197 rei
893 3134 1020 3216 publice
1049 3156 1276 3218 nonnunquam

125 3239 300 3304 conducere
320 3235 480 3316 videntur,
504 3259 565 3321 que
586 3242 624 3302 nt
639 3238 715 3302 deus
735 3244 874 3318 avertat,
901 3239 1017 3304 iterum
1034 3263 1070 3305 ne
1085 3242 1202 3306 iterum
1218 3240 1277 3304 hu·

16 3399 17 3430 ,
123 3343 243 3408 militer
266 3346 343 3426 opto
366 3342 516 3426 omnique
539 3363 611 3407 eum
633 3343 801 3408 devocione
823 3366 888 3410 oro.
941 3344 988 3410 De
1012 3347 1072 3410 hoo
1095 3347 1189 3424 setis,
1221 3368 1278 3410 neo

16 3431 17 3470 l
124 3471 204 3534 opus
228 3449 261 3512 in
285 3448 347 3532 hijs
371 3471 420 3513 me
444 3450 612 3515 extendere
635 3471 715 3514 reor.
763 3449 845 3516 Novi
880 3452 964 3516 enim
994 3472 1049 3515 vos
1073 3453 1176 3515 virum
1200 3472 1278 3533 pru·

16 3593 17 3634 ;
126 3554 347 3618 dentissimum
378 3577 394 3618 e
428 3555 562 3639 quadem
594 3555 685 3639 quusi
715 3556 843 3639 specula
874 3561 991 3620 cuncta
1024 3557 1206 3638 prospicere
1240 3577 1277 3620 ae

125 3659 294 3743 fidedignis
318 3658 388 3726 loco
410 3682 447 3726 ac
470 3664 613 3744 tempore
635 3662 799 3726 consulere
822 3665 854 3727 et
877 3683 938 3747 que
961 3683 1019 3744 per
1035 3682 1146 3726 cursus
1170 3682 1277 3725 rerum

16 3749 17 3768 ³
126 3786 160 3830 ee
191 3765 295 3828 exitus
327 3763 438 3829 futura
469 3771 562 3844 sunt,
592 3772 698 3832 vestro
725 3766 933 3850 integerrimo
963 3766 1179 3850 fidissimoqne
1203 3787 1276 3830 con·

125 3870 196 3934 silio
219 3869 420 3952 persuadere.

694 3976 711 4014 ἢ*

195 4098 208 4150 l
229 4096 284 4148 Am
307 4094 395 4150 rende
413 4095 485 4151 ohne
504 4095 810 4166 verweisungsreichen.
881 4098 941 4154 28.
961 4116 985 4154 o.
1004 4116 1025 4152 s.
1045 4099 1089 4153 49.
1160 4101 1176 4154 3
1195 4099 1278 4153 Sche-

17 4235 18 4270 ,
127 4182 183 4237 dele
202 4183 369 4239 misstranen
390 4199 479 4252 gegen
506 4184 560 4239 den
578 4183 671 4240 kaiser
688 4187 784 4241 wurde
806 4186 882 4241 'bald
901 4186 1117 4256 gerechtfertigt
1135 4203 1155 4240 s.
1175 4184 1278 4242 Hector

17 4279 18 4326 l
127 4270 244 4326 Millichs
262 4276 416 4340 tnsserung
435 4289 468 4324 zu
489 4271 557 4326 1468
576 4271 698 4326 se-chr.
718 4272 804 4337 XXII,
824 4274 883 4327 218.
