3106 5252
797 467 839 531 56

240 668 335 730 quam
349 644 369 724 ¹,
394 667 457 710 nen
474 651 509 709 nt
525 649 631 729 grates
660 645 792 723 debitae,
816 649 864 709 set
887 649 923 709 nt
939 649 1030 728 grate
1045 645 1161 708 mentis
1183 645 1322 730 signum,
1346 645 1396 707 iu·

238 751 338 814 dicem
361 753 538 834 testemque
561 751 730 833 suscipias,
761 750 962 814 subrustico
992 749 1126 834 quodam
1157 749 1277 833 pudore
1312 754 1396 814 tam·

240 877 333 940 quam
357 855 570 941 Augustensis
592 854 730 938 populus
753 876 840 939 rogo,
865 854 957 918 deum
989 855 1094 936 ipsum
1123 875 1228 918 rerum
1252 855 1393 919 omnium

238 965 402 1043 parentem
426 960 575 1035 imitans,
609 979 703 1042 quem
728 959 762 1021 in
786 958 984 1022 tenuioribus
1007 958 1173 1040 sacrificijs
1196 959 1249 1040 pie
1272 961 1393 1025 utentis

239 1068 272 1128 et
293 1066 437 1147 generosi
463 1064 600 1147 pectoris
633 1063 802 1128 alacritate
824 1063 975 1128 delectari
1007 1067 1040 1127 et
1064 1082 1124 1145 ego
1147 1063 1240 1128 credo
1264 1069 1296 1129 et
1319 1087 1393 1148 gra·

238 1170 359 1234 nissimi
391 1175 535 1234 auctores
567 1169 739 1232 affirmant.
786 1167 1021 1252 sepenumero,
1054 1173 1142 1250 pater
1167 1168 1296 1251 optime,
1320 1192 1393 1253 per·

239 1275 333 1354 suasi,
361 1274 443 1359 quod
475 1273 589 1338 civitas
613 1273 777 1355 Augusta,
801 1293 896 1356 quam
918 1271 979 1336 tibi
1002 1276 1134 1355 pretura
1158 1276 1213 1338 tua
1235 1278 1267 1338 et
1290 1275 1395 1358 sepius

239 1379 443 1463 amplissimis
475 1377 540 1443 tuis
564 1378 596 1440 in
619 1377 708 1441 illam
731 1377 854 1441 meritis
875 1376 1046 1460 obligasti,
1069 1377 1218 1458 libenter,
1242 1379 1303 1442 uisi
1326 1402 1394 1444 mos

238 1485 293 1548 ille
317 1484 470 1548 maiorum
493 1481 691 1560 exolevisset,
713 1501 843 1546 coronas
866 1482 926 1545 tibi
943 1482 1085 1560 donaret,
1109 1485 1230 1547 statuas
1253 1503 1313 1566 pro
1337 1505 1388 1546 ro·

239 1590 316 1654 stris
338 1591 479 1671 poneret.
525 1584 592 1661 Que
615 1585 743 1669 quidem
773 1590 936 1668 tamquam
961 1587 1075 1650 eximie
1099 1587 1230 1651 virtutis
1253 1587 1394 1669 insignia

241 1693 373 1778 quedam
401 1693 480 1756 bene
505 1691 628 1755 meritis
651 1691 689 1755 de
711 1713 746 1756 re
769 1691 898 1775 publica
920 1692 998 1756 viris
1020 1692 1099 1756 olim
1117 1690 1156 1778 [f.
1173 1690 1249 1778 325]
1273 1693 1395 1757 tribue·

241 1798 370 1876 bantur,
393 1796 521 1861 tametsi
547 1801 651 1861 statue
668 1795 724 1860 ille
746 1797 869 1880 lapidee
891 1801 1023 1861 externa
1046 1819 1082 1862 ae
1099 1802 1188 1862 muta
1209 1798 1394 1861 viderentur

240 1902 370 1967 virtutis
393 1901 604 1980 monimenta,
639 1908 834 1986 quapropter
859 1901 1016 1985 Ageslaus
1046 1902 1101 1966 ille
1133 1901 1340 1986 gravissimus
1364 1906 1396 1965 et

240 2007 376 2071 illustris
399 2005 630 2090 Spartanorum
653 2025 709 2068 rex
732 2004 853 2068 nullam
878 2008 934 2068 aut
958 2005 1067 2070 fictam
1090 2010 1146 2070 aut
1161 2005 1282 2087 pictam
1305 2027 1394 2089 yma·

240 2113 349 2196 ginem
373 2111 412 2175 ad
435 2133 540 2174 rerum
555 2110 722 2194 magnifiee
740 2115 903 2192 gestarum
923 2110 1143 2175 testimonium
1160 2132 1310 2195 umquam
1335 2113 1395 2176 sibi

239 2215 308 2280 fieri
331 2237 441 2300 passus
464 2221 520 2282 est.
568 2213 657 2279 Cives
674 2215 775 2298 igitur
792 2214 1019 2298 Augustenses,
1047 2220 1138 2300 pater
1153 2214 1283 2298 optime,
1306 2220 1394 2280 tuam

239 2322 359 2388 scilicet
382 2322 545 2405 egregiam
573 2320 774 2406 ymaginem,
806 2319 1055 2403 preclarissimus
1087 2325 1215 2384 tuarum
1237 2321 1395 2385 virtutum

241 2427 359 2506 laudes,
383 2432 525 2491 eternam
549 2427 735 2490 meritorum
759 2431 886 2490 tuorum
920 2425 1172 2490 recordacionem
1196 2447 1258 2490 non
1283 2427 1394 2510 utique

240 2534 273 2596 in
297 2531 413 2596 statuis
440 2567 478 2576 *-
505 2535 541 2595 ut
565 2533 679 2615 opinor
702 2567 747 2578 -
774 2531 991 2611 collocabunt,
1023 2532 1077 2596 sed
1105 2531 1219 2596 animis
1242 2531 1307 2595 suis
1330 2532 1392 2595 iarn

239 2637 361 2720 pridem
384 2637 558 2700 infixerunt
581 2637 682 2700 etita
713 2637 897 2714 infixerunt,
930 2639 966 2700 nt
989 2641 1021 2702 et
1043 2637 1184 2702 viventes
1208 2637 1391 2720 magnificas

240 2743 278 2807 de
302 2747 334 2806 te
356 2741 591 2825 predicaciones
622 2742 751 2807 effusuri
785 2765 908 2828 semper
931 2745 996 2808 sint
1019 2750 1052 2809 et
1075 2745 1248 2810 morientes
1273 2745 1312 2809 ad
1337 2766 1393 2809 no·

239 2853 337 2912 stram
361 2847 583 2931 posteritatem
616 2848 856 2913 celeberrimam
886 2849 935 2914 tui
969 2849 1105 2914 nominis
1137 2849 1257 2914 famam
1281 2851 1393 2915 certis·

241 2954 322 3017 sima
346 2953 407 3016 fide
430 2953 662 3018 transmittant.

328 3056 364 3119 ln
389 3055 470 3119 hanc
487 3057 612 3139 quidem
629 3057 826 3122 sentenciam
843 3058 938 3141 plura
953 3059 1090 3123 scribere
1107 3059 1139 3122 in
1158 3058 1394 3142 presenciarum

239 3160 347 3239 nolui,
378 3184 414 3225 ea
437 3161 638 3245 potissimum
661 3162 700 3226 de
721 3183 832 3242 eausa,
861 3185 901 3226 ne
923 3162 1108 3228 adulacione
1130 3164 1179 3228 uti
1196 3199 1239 3209 —
1256 3163 1339 3249 quod
1362 3164 1394 3226 in

239 3266 327 3330 omni
342 3266 409 3330 vita
426 3265 612 3351 fugiendum
630 3273 677 3332 est
693 3306 735 3314 —
751 3273 808 3333 aut
823 3290 1073 3351 supervacaneus
1098 3291 1165 3334 esse
1186 3269 1247 3333 tibi
1260 3270 1394 3333 viderer.

328 3369 447 3435 Verum
464 3371 591 3455 dignius
608 3394 673 3438 esse
688 3375 805 3451 censui,
829 3377 865 3438 ut
881 3375 918 3438 ad
950 3374 1060 3438 literas
1087 3375 1238 3453 venirem,
1263 3395 1323 3458 que
1339 3395 1396 3455 per

240 3478 390 3542 nuncium
416 3475 608 3542 Mairmiller
639 3479 720 3543 mibi
754 3480 875 3544 reddite
906 3479 1047 3544 fuerunt.
1095 3477 1180 3543 Nam
1202 3482 1239 3542 ut
1263 3484 1394 3562 paterne

241 3584 279 3647 ad
302 3604 353 3646 me
375 3582 497 3658 scribis,
522 3584 568 3648 its
592 3585 725 3669 antiqua
748 3585 905 3668 rapientia
928 3584 1080 3648 redolent.
1137 3583 1175 3647 ln
1200 3585 1313 3666 primis
1336 3585 1394 3647 ita·

240 3709 310 3771 que,
335 3688 432 3767 scias,
456 3689 539 3772 quod
570 3711 642 3755 cum
667 3689 824 3754 Mantua²
848 3711 956 3768 essem,
981 3711 1040 3772 pro
1063 3689 1171 3772 gracia
1193 3688 1393 3772 adipiscenda

239 3792 371 3876 enixeqe
394 3794 492 3859 eciam
517 3793 562 3857 ibi
585 3794 798 3874 elaborarem,
836 3799 873 3859 ut
897 3794 1099 3879 privilegium
1124 3794 1162 3857 ad
1186 3791 1313 3857 instar³
1337 3793 1393 3856 eli·

239 3919 319 3977 cere,
351 3900 388 3961 ut
418 3899 465 3962 ita
497 3899 646 3980 dixerim,
678 3921 817 3983 possem,
847 3901 993 3965 dominus
1016 3901 1154 3965 Thomas
1178 3897 1393 3964 Pirlrhamer⁴

240 4024 330 4066 suum
356 4001 395 4066 ad
420 4025 469 4067 me
492 4004 627 4088 quadam
650 4004 701 4070 die
724 4005 812 4069 misit
846 4005 1014 4086 famulum,
1045 4010 1082 4070 ut
1112 4007 1151 4072 ad
1180 4006 1245 4070 eius
1268 4005 1394 4070 domum

808 4111 827 4147 it

311 4178 321 4230 1
344 4175 402 4230 cod.
421 4175 451 4229 in
470 4194 536 4246 qna.
590 4178 606 4231 2
626 4177 696 4234 Dort
713 4176 818 4233 befand
838 4178 897 4235 sich
916 4179 1027 4235 seirat.
1046 4177 1103 4234 mai
1116 4180 1201 4249 papst
1213 4177 1280 4232 Pius
1300 4195 1393 4248 wegen

238 4264 286 4318 des
305 4260 586 4333 'l'r'irkenoongressea
657 4267 674 4321 3
695 4266 777 4321 Kann
797 4267 840 4322 ich
861 4267 940 4322 nicht
959 4267 1096 4322 erkltren.
1169 4268 1187 4320 4
1205 4265 1342 4321 Domherr
1361 4281 1393 4318 au

237 4350 421 4421 Regensburg
432 4352 488 4422 vgl.
502 4351 580 4419 Will,
593 4353 700 4410 Ntirnb.
715 4354 980 4412 Gelehrteulexikon
996 4355 1044 4424 III,
1070 4355 1119 4409 182
1135 4354 1164 4408 ff.
1202 4353 1240 4407 Er
1252 4353 1290 4408 ist
1310 4353 1394 4421 lange

238 4438 292 4494 neit
311 4437 352 4492 als
372 4441 508 4494 ventreter
535 4439 584 4496 der
602 4441 681 4496 stadt
702 4442 886 4512 Regensbnrg
910 4442 967 4497 und
994 4443 1065 4497 auch
1091 4442 1140 4497 der
1158 4440 1315 4496 bairiscben
1335 4440 1394 4495 her·

240 4543 308 4596 auge
327 4544 365 4582 an
384 4527 433 4581 der
450 4526 531 4582 lrurie
549 4528 606 4583 und
625 4528 770 4585 anderswo
787 4530 891 4599 thatig.
