3106 5246
684 457 744 525 161

134 629 298 701 difficilius
329 633 392 700 fnit
424 633 561 715 reicere,
585 635 669 719 quod
693 634 778 699 ultro
809 655 842 699 se
863 635 996 717 obtulit,
1021 661 1115 724 quam
1138 644 1290 728 reperire.

136 740 274 805 Devocio
296 737 394 804 eciam
419 761 542 805 summa
566 739 665 804 nescit
689 739 797 822 paucis
822 761 888 804 esse
914 746 1072 808 contenta.

224 844 347 910 Deinde
370 866 434 910 non
458 849 628 910 contentus
651 843 824 928 convicijs,
857 846 974 930 quibus
992 847 1178 917 facultatem
1203 858 1290 919 tuam

136 951 299 1034 prioribus
322 949 452 1034 scriptis
474 950 652 1028 maculasti,
676 951 775 1016 eciam
792 972 908 1016 novum
932 957 964 1018 te
987 975 1148 1021 censorem
1172 960 1289 1025 nedum

15 1065 16 1070 ’
136 1077 262 1121 morum
294 1056 348 1121 sed
381 1061 413 1121 et
445 1056 610 1122 facultatis
641 1056 796 1121 medicine
828 1057 926 1136 fecis,
957 1081 1044 1124 more
1066 1064 1289 1146 parasitorum.

137 1160 260 1227 Yronis
284 1161 369 1226 enim
385 1161 519 1246 quadam
533 1161 688 1227 medicum
701 1161 836 1246 pulchre
850 1164 961 1228 vestiri
978 1165 1093 1250 inquis,
1116 1174 1289 1235 annectens

136 1268 371 1352 blasphemiam
393 1268 536 1333 iunctam
551 1267 753 1348 contumelia,
777 1267 851 1332 dum
875 1270 1004 1354 egregie
1025 1273 1155 1337 mentiri
1178 1279 1211 1338 et
1233 1297 1289 1340 au·

138 1375 247 1438 dacter
273 1370 312 1459 [f.
336 1369 429 1456 280³]
453 1371 633 1437 interficere
648 1372 826 1456 subiungis.
873 1373 1075 1442 Alieuasuut
1091 1378 1150 1444 hec
1172 1401 1290 1460 avere,

137 1480 202 1543 vim
225 1479 358 1543 veritati
380 1478 564 1544 inferentia.
610 1477 806 1544 Temeritate
821 1479 926 1544 nescio
943 1501 1006 1564 qua
1020 1480 1134 1547 ductus
1149 1485 1207 1548 hec
1222 1490 1288 1549 tam

138 1583 359 1668 ignominiose,
384 1577 506 1666 sponte,
530 1582 621 1647 nulla
644 1583 836 1647 auctoritate
851 1587 907 1649 aut
936 1585 1062 1650 racione
1083 1587 1202 1653 vallata
1224 1611 1290 1653 rne-

137 1690 243 1754 dicine
266 1688 424 1754 ascribere
447 1688 551 1753 andes.
605 1684 726 1752 Verum
749 1692 798 1753 est
819 1687 983 1772 profecto,
1017 1692 1099 1775 quod
1122 1692 1219 1777 vulgo
1243 1694 1290 1758 di-

140 1797 242 1875 citnr,
281 1795 496 1860 crescentibus
529 1793 622 1859 annis
644 1794 828 1860 decrescunt
860 1795 1034 1876 intellecta,
1065 1802 1098 1862 et
1128 1799 1291 1865 stultiores

140 1906 289 1984 provecta
312 1905 398 1966 etate
422 1901 570 1966 evadunt.
617 1898 677 1964 Sed
700 1899 875 1984 comprimo
896 1922 955 1980 me,
979 1900 1017 1966 de
1040 1900 1100 1966 hoc
1121 1905 1209 1970 satis.

224 2006 285 2071 Sed
320 2028 378 2071 neo
400 2005 615 2090 tranquillum
637 2005 741 2070 adhuc
764 2012 796 2070 te
818 2005 942 2086 sencio,
975 2008 1137 2072 mendacia
1160 2011 1291 2096 egregia

140 2111 222 2176 mihi
238 2111 413 2176 asscribere
430 2115 542 2174 tenen
566 2110 672 2192 pudet,
697 2131 735 2173 cx
752 2130 798 2188 eo,
822 2111 898 2194 quia
913 2110 973 2176 tibi
997 2134 1099 2178 mores
1122 2115 1293 2181 mulierum

139 2217 252 2282 obicio.
300 2215 379 2280 Cum
401 2215 488 2279 enim
511 2214 644 2298 fragiles
666 2219 782 2280 natura
804 2215 922 2296 simus,
945 2217 1016 2281 falli
1040 2241 1115 2296 nos,
1138 2219 1214 2302 labi,
1237 2244 1291 2286 va·

140 2322 269 2402 cillere,
303 2321 504 2405 passionibus
532 2320 644 2385 itidem
676 2320 851 2384 innumeris
886 2321 1045 2387 subiectos
1069 2345 1135 2390 esse
1157 2331 1291 2391 constat.

140 2427 208 2494 Hec
230 2449 294 2492 non
323 2427 429 2491 minus
451 2425 539 2504 viris,
564 2447 661 2510 quam
685 2425 873 2491 mulieribus
896 2448 932 2492 ac
955 2427 1051 2493 michi
1075 2430 1198 2514 tibique
1221 2453 1291 2496 eve·

138 2535 207 2599 nire
231 2555 323 2618 posse
340 2533 503 2598 interdum
521 2553 585 2598 non
601 2553 694 2616 nego.
740 2531 773 2596 Si
789 2533 963 2615 prudenter
982 2535 1080 2599 verbe
1095 2537 1292 2615 attendisses,

139 2640 272 2705 minime
288 2638 387 2703 michi
404 2639 634 2721 exprobrasses,
658 2636 712 2701 sed
728 2637 803 2721 quia
826 2638 865 2701 ad
881 2659 981 2721 pauca
999 2641 1231 2723 prospicientes
1254 2640 1292 2705 de

114 2745 224 2810 facili
251 2745 451 2822 enuncciunt,
476 2742 640 2826 prudentis
663 2742 829 2825 proprium
855 2748 911 2820 est,
936 2749 971 2808 ut
1000 2745 1046 2808 ait
1067 2743 1195 2824 Seneca,
1218 2768 1291 2810 exa-

13 2915 14 2944 ,
138 2851 260 2914 minare
283 2848 416 2916 consilia
440 2853 472 2912 et
494 2870 557 2914 non
581 2848 645 2912 cito
667 2845 755 2912 facili
777 2847 966 2913 credulitate
991 2850 1023 2914 in
1051 2850 1132 2915 false
1155 2851 1290 2935 prolabi.

137 2955 185 3019 Ex
209 2955 361 3039 prudenti
384 2955 469 3019 enim
493 2976 600 3018 rerum
624 2953 827 3018 estimatione
851 2954 997 3039 sequitur
1015 2957 1184 3020 earundem
1207 2958 1292 3022 iusta

13 3129 14 3144 ,
137 3060 348 3143 ponderacio,
388 3081 451 3144 qua
482 3059 604 3124 scilicet
637 3060 767 3143 pociora
808 3059 1019 3125 deterioribus
1058 3067 1290 3146 preponuntur.

13 3233 14 3236 ,
138 3165 198 3241 Qui
221 3167 248 3229 si
283 3166 436 3244 dicerem,
473 3165 553 3229 dolis
589 3165 760 3229 mulierum
790 3164 962 3249 aliquando
994 3170 1027 3229 te
1058 3167 1219 3232 irretitum
1241 3169 1293 3248 iri,

139 3293 302 3356 nunqnam
327 3271 451 3335 veniam
476 3293 625 3350 mererer,
649 3293 712 3336 non
728 3272 1033 3357 siccalumpniando
1051 3274 1198 3354 amicum,
1221 3297 1293 3339 cum

140 3399 196 3442 uec
222 3377 364 3442 sanctior
381 3374 481 3440 David
505 3396 579 3460 rege
594 3397 627 3440 es
644 3397 702 3440 nec
718 3375 888 3442 Salomone
910 3379 1089 3460 sapiencior
1108 3384 1165 3443 aut
1180 3377 1292 3462 Samp-

141 3505 218 3548 11111
242 3480 383 3546 forcior‘?
417 3478 519 3545 Vetus
535 3480 685 3545 delictum
703 3482 762 3546 hoc
785 3485 843 3559 est,
859 3503 917 3546 nec
931 3483 1005 3560 scio,
1030 3483 1101 3566 quis
1117 3504 1154 3547 eo
1176 3487 1292 3546 careat.

141 3587 220 3652 Late
252 3590 343 3670 patet
375 3585 432 3650 hec
454 3587 569 3668 pestis,
601 3587 628 3650 si
659 3585 757 3670 pestis
781 3591 838 3664 est,
865 3586 1066 3652 naturalibus
1089 3587 1139 3650 nti
1150 3585 1170 3650 ¹.
1216 3584 1293 3650 Tuis

141 3694 242 3778 igitur
265 3689 401 3774 iuepcijs
423 3691 556 3774 posthac
592 3692 719 3756 modum
742 3697 864 3757 statuas
898 3691 1072 3776 morboque
1095 3693 1157 3756 isto
1179 3712 1291 3774 proca·

141 3797 249 3862 citatis
272 3796 322 3860 uti
345 3795 460 3860 desine.
508 3794 660 3861 Videmus
683 3797 767 3860 enim
790 3819 864 3880 sepe
885 3796 1014 3880 gravius
1043 3793 1202 3859 offendere
1222 3796 1291 3860 ani·

143 3924 211 3967 mos
235 3901 417 3966 auditorum
441 3921 502 3982 eos,
525 3902 580 3986 qui
603 3902 707 3966 aliena
731 3901 859 3986 flagicia
881 3907 990 3985 aperte
1014 3902 1173 3979 dixerunt,
1197 3922 1292 3984 quam

142 4028 205 4086 eos,
226 4007 283 4091 qui
308 4006 545 4072 commiserunt.

228 4110 343 4177 Postea
365 4112 438 4196 plus
462 4134 556 4196 quam
580 4110 777 4194 impossibile
793 4111 871 4175 reris
889 4110 926 4192 [f.
944 4111 1034 4193 281],
1050 4111 1153 4174 virum
1169 4109 1293 4174 diucius

138 4218 172 4281 in
197 4217 288 4282 bonis
311 4238 499 4302 permanere
522 4215 681 4299 operibus,
704 4215 759 4298 qui
783 4215 940 4280 malorum
964 4215 1089 4279 assidua
1113 4214 1219 4278 utitur
1240 4233 1290 4277 so-

708 4329 725 4366 ss

203 4445 230 4512 ,1
251 4441 316 4514 vgl.
337 4443 390 4500 den
409 4443 484 4498 brief
501 4442 549 4498 des
559 4443 635 4497 Enea
648 4439 734 4496 silvio
751 4459 787 4495 an
807 4441 901 4498 seinen
915 4444 996 4495 vater
1010 4441 1063 4512 [ep.
1076 4441 1107 4494 15
1120 4440 1169 4495 der
1183 4438 1292 4495 Ndrnb.

136 4533 286 4603 1111111111]Ι

194 4637 301 4684 seuseu.
