3092 5244
656 425 697 490 78

122 594 236 656 tamen
262 590 408 656 ulteriori
430 592 593 678 inquirere
617 613 679 657 non
704 591 861 656 desistam.
908 591 1045 677 Reliqua
1061 612 1131 656 cnm
1154 590 1282 656 domino

118 693 277 760 Heinrico
300 695 339 760 de
357 695 534 776 Mamerci,
551 701 587 762 ut
611 696 766 776 voluistis,
791 695 948 762 sollicitus
965 696 1132 780 explorare
1155 696 1281 762 curabo.

118 799 163 864 st
200 821 241 864 ne
274 799 482 865 ulterioribus
514 823 570 867 vos
598 801 791 880 obtundam,
823 800 1024 884 presentibus
1055 801 1152 866 finem
1176 799 1282 866 fecere

117 905 298 985 constitui,
326 905 402 969 dum
427 927 481 970 vos
504 906 535 972 id
560 927 660 971 unum
683 906 774 990 prius
795 925 1011 983 ammonuero‚
1036 902 1186 992 [nlullam
1210 928 1280 970 um·

117 1031 219 1095 quam
242 1013 308 1074 tam
331 1031 396 1074 rem
422 1010 551 1074 arduam
576 1010 752 1095 excogitari
775 1030 886 1093 posse,
914 1031 1007 1094 quam
1039 1030 1101 1074 non
1124 1007 1278 1097 facile[ml

118 1119 272 1199 reputare
295 1115 402 1194 velim,
426 1137 496 1181 cum
513 1138 581 1181 eam
599 1120 725 1200 gratam
741 1115 832 1181 vobis
845 1118 1069 1201 acceptamque
1090 1135 1278 1200 cognovero.

119 1221 231 1304 Atque
255 1219 360 1284 valere
392 1242 505 1304 meque
534 1220 624 1286 vobis
655 1243 713 1305 pro
736 1221 965 1287 consuetudine
988 1221 1281 1286 recommendatum

117 1323 240 1388 habere
261 1323 369 1388 velitis
385 1329 415 1388 et
431 1326 529 1390 valeo.
565 1324 613 1390 Ex
629 1324 777 1410 Wyenna
791 1325 925 1390 sabbato
942 1330 1017 1410 post
1033 1324 1183 1390 Georium
1201 1321 1282 1390 an

208 1426 428 1515 V[alentinus]
454 1425 565 1516 tilher]
596 1429 782 1496 licenciatus
815 1434 847 1494 et
878 1429 1142 1514 prothonotarius
1170 1429 1282 1514 Augu·

118 1533 246 1599 atensis.

673 1843 734 1915 33.

117 1970 317 2044 Hermann
348 1970 500 2044 Sohedel
529 1995 577 2044 an
609 1972 716 2045 einen
745 1971 1023 2045 unbekannten.
1076 1973 1279 2068 Augsburg

557 2093 654 2167 1460
679 2095 756 2166 mai
787 2095 843 2167 13.

426 2251 489 2304 olm.
509 2250 562 2305 224
579 2250 598 2308 f.
617 2251 670 2305 220
689 2251 810 2320 eiulage.
847 2251 976 2323 concept.

120 2374 458 2458 Ermabnungen
498 2398 570 2440 zur
604 2376 927 2462 frdmmigkeit.
985 2376 1283 2442 Naehrichten

120 2500 214 2544 vom
238 2479 668 2565 kriegaschanplatz.
719 2481 839 2546 Bitte
862 2503 920 2545 um
946 2481 1283 2548 handsebriften.

214 2620 265 2684 Me
287 2620 449 2704 integrum
472 2642 597 2704 semper
613 2623 704 2686 habe.
752 2621 982 2686 Amantissimo
1002 2620 1113 2686 irater.
1161 2619 1284 2684 Literas

120 2726 315 2791 amicissime
338 2727 453 2790 mentis
476 2732 531 2792 tae
554 2727 753 2792 devocionem
775 2729 816 2790 ob
853 2726 1060 2791 inhumanam
1084 2747 1190 2790 rerum
1212 2747 1283 2788 mu·

121 2830 322 2896 tabilitatem
352 2831 528 2896 indicantes
558 2831 776 2914 superioribus
810 2829 920 2894 diebus
953 2830 1078 2914 accepi,
1110 2829 1284 2914 exquibus

122 2935 210 2999 clare
233 2936 402 3019 conspicio,
425 2937 576 3021 spiritum
599 2941 773 3001 torrentem
798 2936 831 2999 in
854 2957 943 3000 sacro
967 2935 1029 3000 iam
1054 2935 1177 3000 reflexo
1200 2938 1282 2999 tem·

121 3061 203 3124 pore
226 3041 259 3103 in
282 3043 314 3104 te
329 3040 426 3106 fuisse
438 3063 615 3120 accensum,
645 3062 706 3126 que
723 3042 912 3106 documenta
934 3041 1013 3105 satis
1029 3040 1184 3105 salutaria
1200 3041 1283 3105 idem

121 3149 157 3210 in
181 3149 214 3210 te
238 3147 377 3210 evomuit
399 3147 543 3231 spiritus,
566 3168 624 3229 per
646 3167 741 3231 quem
764 3168 814 3209 me
838 3166 874 3209 ao
897 3151 1037 3224 ceteros,
1061 3145 1205 3209 dominos
1227 3144 1282 3208 de·

123 3272 238 3315 canum
264 3251 415 3316 videlicet
438 3257 470 3316 et
486 3252 648 3316 custodem
666 3251 687 3331 ¹,
711 3251 750 3316 ed
766 3249 863 3315 celica
879 3250 1021 3334 aspirare
1044 3251 1178 3315 conaris.
1221 3247 1283 3313 Ve-

128 3379 212 3434 reor,
237 3379 277 3421 ne
300 3357 395 3422 sicuti
420 3358 517 3436 venit,
540 3358 586 3422 ita
602 3357 719 3441 raptim
736 3355 917 3435 evolaverit,
946 3379 1005 3420 uec
1020 3355 1159 3420 eiusdem
1183 3355 1283 3438 inspi-

123 3463 188 3526 rati
224 3462 358 3546 spiritus
391 3463 544 3529 hactenus
575 3463 608 3527 in
642 3465 675 3526 te
708 3461 905 3525 remansisse.
952 3460 1107 3545 Equidem
1133 3463 1220 3523 tuam
1244 3459 1284 3523 ab

124 3567 198 3651 alijs
221 3572 439 3651 perscrutatus
468 3589 539 3633 sum
563 3569 682 3646 vitam,
722 3588 818 3650 quarn
850 3564 996 3650 plerique
1021 3586 1079 3649 per
1102 3564 1199 3649 longa
1221 3564 1284 3628 iam

124 3678 306 3756 temporum
331 3675 488 3740 curricula
510 3676 639 3752 norunt,
663 3672 718 3757 qui
741 3671 836 3754 longe
851 3693 870 3734 a
884 3674 916 3734 te
941 3670 1147 3748 disseminet,
1171 3671 1205 3732 et
1220 3667 1281 3732 nisi

125 3800 176 3842 me
204 3778 379 3865 singularis
410 3785 551 3844 moveret
583 3777 815 3862 intelligebam,
846 3777 946 3840 eciem
981 3781 1095 3860 sponte
1119 3797 1282 3859 negarem.

126 3883 285 3949 Habunde
308 3890 340 3949 et
363 3884 466 3949 libens
491 3885 568 3948 meis
591 3881 850 3967 persuasionibus
866 3880 906 3945 ad
929 3903 998 3945 eam
1022 3886 1053 3944 te
1077 3885 1201 3964 partem
1226 3880 1280 3944 de·

126 3989 297 4069 flecterem,
320 3995 357 4054 ut
380 3996 413 4054 et
436 3990 626 4075 quandoque
649 3989 686 4052 de
710 3988 816 4051 anima
839 3993 895 4051 tua
919 3991 951 4052 et
975 3988 1041 4052 eius
1067 3987 1170 4052 salute
1193 3986 1281 4069 cogi·

126 4099 222 4172 teres,
247 4098 283 4159 ut
306 4101 338 4158 et
361 4096 479 4180 a2iugo
503 4095 666 4159 servitutis
682 4094 831 4171 humane,
854 4091 1044 4175 servituti(s)
1062 4095 1164 4155 status
1189 4090 1284 4155 oleri·

126 4200 204 4263 calis
227 4201 397 4279 contrarie,
420 4206 452 4264 te
476 4199 610 4264 avellere
625 4220 742 4284 posses,
766 4205 866 4284 utque
888 4198 946 4263 deo
962 4197 1103 4261 omnium
1127 4197 1283 4262 bonorum

127 4305 276 4390 largitori
302 4307 425 4390 gracias
446 4306 644 4370 humillimas
669 4305 860 4371 refunderes.

699 4411 715 4448 ’l‘

199 4499 211 4550 l
235 4496 330 4551 Gessel
351 4494 409 4548 und
428 4495 553 4552 Kautsch
571 4514 592 4551 s.
611 4494 682 4554 oben
702 4514 743 4552 nr.
764 4498 805 4553 lo.
