<?xml version="1.0" encoding="UTF-8"?>
<!DOCTYPE html PUBLIC "-//W3C//DTD XHTML 1.0 Transitional//EN"
    "http://www.w3.org/TR/xhtml1/DTD/xhtml1-transitional.dtd">
<html xmlns="http://www.w3.org/1999/xhtml" xml:lang="en" lang="en">
 <head>
  <title>
</title>
<meta http-equiv="Content-Type" content="text/html;charset=utf-8" />
  <meta name='ocr-system' content='tesseract 3.04.00' />
  <meta name='ocr-capabilities' content='ocr_page ocr_carea ocr_par ocr_line ocrx_word'/>
</head>
<body>
  <div class='ocr_page' id='page_1' title='image "./hermannschedels00joacgoog_0150.png"; bbox 0 0 3092 5244; ppageno 0'>
   <div class='ocr_carea' id='block_1_1' title="bbox 789 467 851 532">
    <p class='ocr_par' dir='ltr' id='par_1_1' title="bbox 789 467 851 532">
     <span class='ocr_line' id='line_1_1' title="bbox 789 467 851 532; baseline -0.032 0"><span class='ocrx_word' id='word_1_1' title='bbox 789 467 851 532; x_wconf 85' lang='grc'><strong>134</strong></span> 
     </span>
    </p>
   </div>
   <div class='ocr_carea' id='block_1_2' title="bbox 253 643 1415 4387">
    <p class='ocr_par' dir='ltr' id='par_1_2' title="bbox 253 643 1415 4387">
     <span class='ocr_line' id='line_1_2' title="bbox 253 643 1405 730; baseline -0.003 -21"><span class='ocrx_word' id='word_1_2' title='bbox 253 645 374 710; x_wconf 88' lang='lat' dir='ltr'><strong>ventris</strong></span> <span class='ocrx_word' id='word_1_3' title='bbox 396 645 580 727; x_wconf 86' lang='lat' dir='ltr'><strong>voraginem</strong></span> <span class='ocrx_word' id='word_1_4' title='bbox 603 645 754 710; x_wconf 85' lang='lat' dir='ltr'><strong>calefacto</strong></span> <span class='ocrx_word' id='word_1_5' title='bbox 788 645 1030 730; x_wconf 88' lang='lat' dir='ltr'><strong>evaporancium</strong></span> <span class='ocrx_word' id='word_1_6' title='bbox 1054 644 1198 708; x_wconf 90' lang='lat' dir='ltr'><strong>ciborum</strong></span> <span class='ocrx_word' id='word_1_7' title='bbox 1221 643 1405 708; x_wconf 78' lang='lat' dir='ltr'><strong>fumositate</strong></span> 
     </span>
     <span class='ocr_line' id='line_1_3' title="bbox 254 748 1408 832; baseline -0.003 -16"><span class='ocrx_word' id='word_1_8' title='bbox 254 750 392 816; x_wconf 86' lang='lat' dir='ltr'><strong>cerebro.</strong></span> <span class='ocrx_word' id='word_1_9' title='bbox 449 748 542 814; x_wconf 89' lang='lat' dir='ltr'><strong>Illiec</strong></span> <span class='ocrx_word' id='word_1_10' title='bbox 574 772 612 815; x_wconf 88' lang='lat' dir='ltr'><strong>ex</strong></span> <span class='ocrx_word' id='word_1_11' title='bbox 641 750 809 816; x_wconf 89' lang='lat' dir='ltr'><strong>hilaritate</strong></span> <span class='ocrx_word' id='word_1_12' title='bbox 836 750 869 814; x_wconf 90' lang='lat' dir='ltr'><strong>iu</strong></span> <span class='ocrx_word' id='word_1_13' title='bbox 894 750 1049 814; x_wconf 84' lang='lat' dir='ltr'><strong>insaniam</strong></span> <span class='ocrx_word' id='word_1_14' title='bbox 1072 749 1155 827; x_wconf 86' lang='lat' dir='ltr'><strong>itur,</strong></span> <span class='ocrx_word' id='word_1_15' title='bbox 1190 770 1293 832; x_wconf 90' lang='lat' dir='ltr'><strong>equa</strong></span> <span class='ocrx_word' id='word_1_16' title='bbox 1316 748 1354 812; x_wconf 89' lang='lat' dir='ltr'><strong>de</strong></span> <span class='ocrx_word' id='word_1_17' title='bbox 1375 769 1408 812; x_wconf 91' lang='lat' dir='ltr'><strong>se</strong></span> 
     </span>
     <span class='ocr_line' id='line_1_4' title="bbox 255 853 1407 940; baseline -0.002 -20"><span class='ocrx_word' id='word_1_18' title='bbox 255 877 371 940; x_wconf 84' lang='lat' dir='ltr'><strong>magna</strong></span> <span class='ocrx_word' id='word_1_19' title='bbox 393 875 584 938; x_wconf 81' lang='lat' dir='ltr'><strong>presumere,</strong></span> <span class='ocrx_word' id='word_1_20' title='bbox 607 856 793 921; x_wconf 88' lang='lat' dir='ltr'><strong>iactationes</strong></span> <span class='ocrx_word' id='word_1_21' title='bbox 816 857 987 934; x_wconf 78' lang='lat' dir='ltr'><strong>immense,</strong></span> <span class='ocrx_word' id='word_1_22' title='bbox 1012 854 1114 920; x_wconf 88' lang='lat' dir='ltr'><strong>facilis</strong></span> <span class='ocrx_word' id='word_1_23' title='bbox 1141 853 1332 929; x_wconf 76' lang='lat' dir='ltr'><strong>credulitas,</strong></span> <span class='ocrx_word' id='word_1_24' title='bbox 1356 875 1407 918; x_wconf 89' lang='lat' dir='ltr'><strong>ar·</strong></span> 
     </span>
     <span class='ocr_line' id='line_1_5' title="bbox 255 958 1406 1047; baseline -0.004 -21"><span class='ocrx_word' id='word_1_25' title='bbox 255 961 430 1026; x_wconf 77' lang='lat' dir='ltr'><strong>chunorum</strong></span> <span class='ocrx_word' id='word_1_26' title='bbox 453 961 617 1040; x_wconf 86' lang='lat' dir='ltr'><strong>reseracio,</strong></span> <span class='ocrx_word' id='word_1_27' title='bbox 640 962 890 1027; x_wconf 88' lang='lat' dir='ltr'><strong>obtrectaciones</strong></span> <span class='ocrx_word' id='word_1_28' title='bbox 907 982 1179 1047; x_wconf 88' lang='lat' dir='ltr'><strong>quorumcumque</strong></span> <span class='ocrx_word' id='word_1_29' title='bbox 1205 959 1319 1023; x_wconf 87' lang='lat' dir='ltr'><strong>misere</strong></span> <span class='ocrx_word' id='word_1_30' title='bbox 1342 958 1406 1023; x_wconf 88' lang='lat' dir='ltr'><strong>ori-</strong></span> 
     </span>
     <span class='ocr_line' id='line_1_6' title="bbox 256 1063 1408 1150; baseline -0.004 -20"><span class='ocrx_word' id='word_1_31' title='bbox 256 1071 364 1145; x_wconf 87' lang='lat' dir='ltr'><strong>untur,</strong></span> <span class='ocrx_word' id='word_1_32' title='bbox 387 1064 554 1149; x_wconf 87' lang='lat' dir='ltr'><strong>blandicijs</strong></span> <span class='ocrx_word' id='word_1_33' title='bbox 578 1071 691 1150; x_wconf 90' lang='lat' dir='ltr'><strong>patent</strong></span> <span class='ocrx_word' id='word_1_34' title='bbox 712 1088 812 1134; x_wconf 90' lang='lat' dir='ltr'><strong>aures.</strong></span> <span class='ocrx_word' id='word_1_35' title='bbox 859 1067 1034 1132; x_wconf 87' lang='lat' dir='ltr'><strong>Paciuntur</strong></span> <span class='ocrx_word' id='word_1_36' title='bbox 1076 1070 1108 1130; x_wconf 88' lang='lat' dir='ltr'><strong>et</strong></span> <span class='ocrx_word' id='word_1_37' title='bbox 1131 1065 1212 1129; x_wconf 87' lang='lat' dir='ltr'><strong>tales</strong></span> <span class='ocrx_word' id='word_1_38' title='bbox 1234 1063 1408 1146; x_wconf 82' lang='lat' dir='ltr'><strong>vertigines</strong></span> 
     </span>
     <span class='ocr_line' id='line_1_7' title="bbox 254 1168 1408 1251; baseline -0.005 -15"><span class='ocrx_word' id='word_1_39' title='bbox 254 1171 399 1250; x_wconf 88' lang='lat' dir='ltr'><strong>crebras,</strong></span> <span class='ocrx_word' id='word_1_40' title='bbox 422 1170 472 1235; x_wconf 89' lang='lat' dir='ltr'><strong>sui</strong></span> <span class='ocrx_word' id='word_1_41' title='bbox 496 1171 697 1251; x_wconf 90' lang='lat' dir='ltr'><strong>oblivionem,</strong></span> <span class='ocrx_word' id='word_1_42' title='bbox 721 1173 874 1237; x_wconf 86' lang='lat' dir='ltr'><strong>sermonis</strong></span> <span class='ocrx_word' id='word_1_43' title='bbox 901 1171 1126 1249; x_wconf 89' lang='lat' dir='ltr'><strong>indecenciam,</strong></span> <span class='ocrx_word' id='word_1_44' title='bbox 1156 1190 1303 1234; x_wconf 91' lang='lat' dir='ltr'><strong>sensuum</strong></span> <span class='ocrx_word' id='word_1_45' title='bbox 1327 1168 1408 1250; x_wconf 82' lang='lat' dir='ltr'><strong>ligu-</strong></span> 
     </span>
     <span class='ocr_line' id='line_1_8' title="bbox 256 1273 1408 1359; baseline -0.004 -19"><span class='ocrx_word' id='word_1_46' title='bbox 256 1276 379 1355; x_wconf 90' lang='lat' dir='ltr'><strong>ciones,</strong></span> <span class='ocrx_word' id='word_1_47' title='bbox 414 1295 541 1358; x_wconf 81' lang='lat' dir='ltr'><strong>gressus</strong></span> <span class='ocrx_word' id='word_1_48' title='bbox 572 1277 729 1357; x_wconf 87' lang='lat' dir='ltr'><strong>incertos,</strong></span> <span class='ocrx_word' id='word_1_49' title='bbox 762 1277 978 1342; x_wconf 89' lang='lat' dir='ltr'><strong>eructaciones</strong></span> <span class='ocrx_word' id='word_1_50' title='bbox 1014 1276 1214 1359; x_wconf 91' lang='lat' dir='ltr'><strong>vomitusque</strong></span> <span class='ocrx_word' id='word_1_51' title='bbox 1236 1273 1408 1350; x_wconf 83' lang='lat' dir='ltr'><strong>illecebras,</strong></span> 
     </span>
     <span class='ocr_line' id='line_1_9' title="bbox 256 1378 1409 1467; baseline -0.004 -23"><span class='ocrx_word' id='word_1_52' title='bbox 256 1381 330 1445; x_wconf 91' lang='lat' dir='ltr'><strong>dum</strong></span> <span class='ocrx_word' id='word_1_53' title='bbox 354 1384 493 1446; x_wconf 86' lang='lat' dir='ltr'><strong>stomaco</strong></span> <span class='ocrx_word' id='word_1_54' title='bbox 515 1382 599 1447; x_wconf 88' lang='lat' dir='ltr'><strong>vires</strong></span> <span class='ocrx_word' id='word_1_55' title='bbox 623 1405 686 1448; x_wconf 93' lang='lat' dir='ltr'><strong>non</strong></span> <span class='ocrx_word' id='word_1_56' title='bbox 710 1387 905 1467; x_wconf 88' lang='lat' dir='ltr'><strong>suppetunt,</strong></span> <span class='ocrx_word' id='word_1_57' title='bbox 942 1404 1001 1466; x_wconf 88' lang='lat' dir='ltr'><strong>que</strong></span> <span class='ocrx_word' id='word_1_58' title='bbox 1024 1380 1158 1464; x_wconf 83' lang='lat' dir='ltr'><strong>ingessit</strong></span> <span class='ocrx_word' id='word_1_59' title='bbox 1187 1378 1354 1462; x_wconf 77' lang='lat' dir='ltr'><strong>ingluvies,</strong></span> <span class='ocrx_word' id='word_1_60' title='bbox 1379 1379 1409 1439; x_wconf 87' lang='lat' dir='ltr'><strong>et</strong></span> 
     </span>
     <span class='ocr_line' id='line_1_10' title="bbox 256 1484 1411 1568; baseline -0.005 -18"><span class='ocrx_word' id='word_1_61' title='bbox 256 1485 336 1550; x_wconf 90' lang='lat' dir='ltr'><strong>tales</strong></span> <span class='ocrx_word' id='word_1_62' title='bbox 358 1507 585 1568; x_wconf 90' lang='lat' dir='ltr'><strong>nonnunquam</strong></span> <span class='ocrx_word' id='word_1_63' title='bbox 610 1488 749 1553; x_wconf 86' lang='lat' dir='ltr'><strong>maxime</strong></span> <span class='ocrx_word' id='word_1_64' title='bbox 764 1488 924 1553; x_wconf 83' lang='lat' dir='ltr'><strong>auxietate</strong></span> <span class='ocrx_word' id='word_1_65' title='bbox 952 1488 1129 1564; x_wconf 86' lang='lat' dir='ltr'><strong>tabescunt,</strong></span> <span class='ocrx_word' id='word_1_66' title='bbox 1153 1505 1276 1550; x_wconf 85' lang='lat' dir='ltr'><strong>neeesse</strong></span> <span class='ocrx_word' id='word_1_67' title='bbox 1299 1485 1356 1560; x_wconf 89' lang='lat' dir='ltr'><strong>est,</strong></span> <span class='ocrx_word' id='word_1_68' title='bbox 1379 1484 1411 1544; x_wconf 94' lang='lat' dir='ltr'><strong>et</strong></span> 
     </span>
     <span class='ocr_line' id='line_1_11' title="bbox 256 1587 1410 1678; baseline -0.004 -24"><span class='ocrx_word' id='word_1_69' title='bbox 256 1590 434 1655; x_wconf 86' lang='lat' dir='ltr'><strong>tabefactus</strong></span> <span class='ocrx_word' id='word_1_70' title='bbox 457 1591 586 1674; x_wconf 82' lang='lat' dir='ltr'><strong>sangnis</strong></span> <span class='ocrx_word' id='word_1_71' title='bbox 608 1593 819 1678; x_wconf 87' lang='lat' dir='ltr'><strong>humoresque</strong></span> <span class='ocrx_word' id='word_1_72' title='bbox 843 1594 921 1658; x_wconf 91' lang='lat' dir='ltr'><strong>certi</strong></span> <span class='ocrx_word' id='word_1_73' title='bbox 938 1596 1199 1675; x_wconf 87' lang='lat' dir='ltr'><strong>corrumpuntur.</strong></span> <span class='ocrx_word' id='word_1_74' title='bbox 1252 1587 1293 1652; x_wconf 85' lang='lat' dir='ltr'><strong>Et</strong></span> <span class='ocrx_word' id='word_1_75' title='bbox 1316 1587 1361 1651; x_wconf 91' lang='lat' dir='ltr'><strong>sic</strong></span> <span class='ocrx_word' id='word_1_76' title='bbox 1377 1587 1410 1649; x_wconf 91' lang='lat' dir='ltr'><strong>in</strong></span> 
     </span>
     <span class='ocr_line' id='line_1_12' title="bbox 256 1693 1411 1781; baseline -0.006 -20"><span class='ocrx_word' id='word_1_77' title='bbox 256 1717 388 1779; x_wconf 86' lang='lat' dir='ltr'><strong>corpore</strong></span> <span class='ocrx_word' id='word_1_78' title='bbox 411 1696 514 1760; x_wconf 90' lang='lat' dir='ltr'><strong>omnis</strong></span> <span class='ocrx_word' id='word_1_79' title='bbox 536 1699 613 1763; x_wconf 90' lang='lat' dir='ltr'><strong>ordo</strong></span> <span class='ocrx_word' id='word_1_80' title='bbox 636 1704 750 1763; x_wconf 87' lang='lat' dir='ltr'><strong>nature</strong></span> <span class='ocrx_word' id='word_1_81' title='bbox 774 1699 912 1763; x_wconf 87' lang='lat' dir='ltr'><strong>vertitur</strong></span> <span class='ocrx_word' id='word_1_82' title='bbox 933 1698 966 1761; x_wconf 93' lang='lat' dir='ltr'><strong>in</strong></span> <span class='ocrx_word' id='word_1_83' title='bbox 988 1697 1088 1781; x_wconf 88' lang='lat' dir='ltr'><strong>psius,</strong></span> <span class='ocrx_word' id='word_1_84' title='bbox 1112 1718 1149 1760; x_wconf 82' lang='lat' dir='ltr'><strong>ex</strong></span> <span class='ocrx_word' id='word_1_85' title='bbox 1167 1715 1229 1779; x_wconf 90' lang='lat' dir='ltr'><strong>quo</strong></span> <span class='ocrx_word' id='word_1_86' title='bbox 1245 1693 1411 1759; x_wconf 87' lang='lat' dir='ltr'><strong>oculorum</strong></span> 
     </span>
     <span class='ocr_line' id='line_1_13' title="bbox 261 1795 1412 1886; baseline -0.007 -20"><span class='ocrx_word' id='word_1_87' title='bbox 261 1802 388 1886; x_wconf 89' lang='lat' dir='ltr'><strong>orisque</strong></span> <span class='ocrx_word' id='word_1_88' title='bbox 418 1801 519 1864; x_wconf 91' lang='lat' dir='ltr'><strong>tocius</strong></span> <span class='ocrx_word' id='word_1_89' title='bbox 541 1802 726 1867; x_wconf 85' lang='lat' dir='ltr'><strong>deformitas</strong></span> <span class='ocrx_word' id='word_1_90' title='bbox 742 1803 854 1868; x_wconf 89' lang='lat' dir='ltr'><strong>oritur.</strong></span> <span class='ocrx_word' id='word_1_91' title='bbox 901 1800 1057 1865; x_wconf 87' lang='lat' dir='ltr'><strong>Oriuntur</strong></span> <span class='ocrx_word' id='word_1_92' title='bbox 1074 1804 1106 1864; x_wconf 89' lang='lat' dir='ltr'><strong>et</strong></span> <span class='ocrx_word' id='word_1_93' title='bbox 1121 1800 1251 1882; x_wconf 89' lang='lat' dir='ltr'><strong>insuper</strong></span> <span class='ocrx_word' id='word_1_94' title='bbox 1273 1795 1412 1861; x_wconf 87' lang='lat' dir='ltr'><strong>tremula</strong></span> 
     </span>
     <span class='ocr_line' id='line_1_14' title="bbox 257 1904 1410 1994; baseline -0.006 -23"><span class='ocrx_word' id='word_1_95' title='bbox 257 1905 425 1992; x_wconf 84' lang='lat' dir='ltr'><strong>paralisis,</strong></span> <span class='ocrx_word' id='word_1_96' title='bbox 455 1905 618 1972; x_wconf 89' lang='lat' dir='ltr'><strong>sitibunda</strong></span> <span class='ocrx_word' id='word_1_97' title='bbox 647 1908 826 1994; x_wconf 84' lang='lat' dir='ltr'><strong>ydropisis,</strong></span> <span class='ocrx_word' id='word_1_98' title='bbox 863 1906 1034 1972; x_wconf 88' lang='lat' dir='ltr'><strong>macilenta</strong></span> <span class='ocrx_word' id='word_1_99' title='bbox 1070 1905 1178 1989; x_wconf 87' lang='lat' dir='ltr'><strong>ptisis,</strong></span> <span class='ocrx_word' id='word_1_100' title='bbox 1214 1904 1332 1968; x_wconf 89' lang='lat' dir='ltr'><strong>nodosa</strong></span> <span class='ocrx_word' id='word_1_101' title='bbox 1353 1922 1410 1985; x_wconf 93' lang='lat' dir='ltr'><strong>po·</strong></span> 
     </span>
     <span class='ocr_line' id='line_1_15' title="bbox 256 2006 1411 2097; baseline -0.006 -21"><span class='ocrx_word' id='word_1_102' title='bbox 256 2013 366 2094; x_wconf 88' lang='lat' dir='ltr'><strong>dagra,</strong></span> <span class='ocrx_word' id='word_1_103' title='bbox 398 2009 525 2074; x_wconf 88' lang='lat' dir='ltr'><strong>fervens</strong></span> <span class='ocrx_word' id='word_1_104' title='bbox 548 2013 682 2097; x_wconf 90' lang='lat' dir='ltr'><strong>prurigo</strong></span> <span class='ocrx_word' id='word_1_105' title='bbox 707 2019 740 2077; x_wconf 92' lang='lat' dir='ltr'><strong>et</strong></span> <span class='ocrx_word' id='word_1_106' title='bbox 764 2034 880 2078; x_wconf 91' lang='lat' dir='ltr'><strong>nausea</strong></span> <span class='ocrx_word' id='word_1_107' title='bbox 903 2011 1036 2077; x_wconf 88' lang='lat' dir='ltr'><strong>stomaci</strong></span> <span class='ocrx_word' id='word_1_108' title='bbox 1073 2009 1244 2074; x_wconf 88' lang='lat' dir='ltr'><strong>renuentis.</strong></span> <span class='ocrx_word' id='word_1_109' title='bbox 1290 2006 1411 2082; x_wconf 79' lang='lat' dir='ltr'><strong>Quibus</strong></span> 
     </span>
     <span class='ocr_line' id='line_1_16' title="bbox 258 2111 1411 2201; baseline -0.002 -23"><span class='ocrx_word' id='word_1_110' title='bbox 258 2116 356 2178; x_wconf 87' lang='lat' dir='ltr'><strong>eciam</strong></span> <span class='ocrx_word' id='word_1_111' title='bbox 387 2117 560 2181; x_wconf 89' lang='lat' dir='ltr'><strong>immatura</strong></span> <span class='ocrx_word' id='word_1_112' title='bbox 591 2140 674 2182; x_wconf 90' lang='lat' dir='ltr'><strong>mors</strong></span> <span class='ocrx_word' id='word_1_113' title='bbox 710 2140 785 2201; x_wconf 91' lang='lat' dir='ltr'><strong>sepe</strong></span> <span class='ocrx_word' id='word_1_114' title='bbox 813 2116 1037 2200; x_wconf 88' lang='lat' dir='ltr'><strong>superadditur</strong></span> <span class='ocrx_word' id='word_1_115' title='bbox 1059 2115 1217 2198; x_wconf 90' lang='lat' dir='ltr'><strong>plurimis.</strong></span> <span class='ocrx_word' id='word_1_116' title='bbox 1267 2111 1411 2195; x_wconf 81' lang='lat' dir='ltr'><strong>Oquam</strong></span> 
     </span>
     <span class='ocr_line' id='line_1_17' title="bbox 260 2217 1411 2302; baseline -0.001 -20"><span class='ocrx_word' id='word_1_117' title='bbox 260 2219 406 2283; x_wconf 86' lang='lat' dir='ltr'><strong>maximis</strong></span> <span class='ocrx_word' id='word_1_118' title='bbox 434 2220 580 2286; x_wconf 89' lang='lat' dir='ltr'><strong>laudibus</strong></span> <span class='ocrx_word' id='word_1_119' title='bbox 613 2222 794 2287; x_wconf 87' lang='lat' dir='ltr'><strong>extollenda</strong></span> <span class='ocrx_word' id='word_1_120' title='bbox 826 2221 956 2285; x_wconf 88' lang='lat' dir='ltr'><strong>illorum</strong></span> <span class='ocrx_word' id='word_1_121' title='bbox 990 2226 1038 2284; x_wconf 90' lang='lat' dir='ltr'><strong>cst</strong></span> <span class='ocrx_word' id='word_1_122' title='bbox 1061 2219 1146 2297; x_wconf 89' lang='lat' dir='ltr'><strong>vita,</strong></span> <span class='ocrx_word' id='word_1_123' title='bbox 1171 2241 1233 2302; x_wconf 90' lang='lat' dir='ltr'><strong>qua</strong></span> <span class='ocrx_word' id='word_1_124' title='bbox 1257 2217 1336 2282; x_wconf 87' lang='lat' dir='ltr'><strong>vicia</strong></span> <span class='ocrx_word' id='word_1_125' title='bbox 1359 2218 1411 2281; x_wconf 93' lang='lat' dir='ltr'><strong>de-</strong></span> 
     </span>
     <span class='ocr_line' id='line_1_18' title="bbox 258 2322 1411 2408; baseline -0.003 -20"><span class='ocrx_word' id='word_1_126' title='bbox 258 2324 462 2408; x_wconf 90' lang='lat' dir='ltr'><strong>primuntur,</strong></span> <span class='ocrx_word' id='word_1_127' title='bbox 485 2325 588 2390; x_wconf 90' lang='lat' dir='ltr'><strong>virtus</strong></span> <span class='ocrx_word' id='word_1_128' title='bbox 611 2326 710 2391; x_wconf 84' lang='lat' dir='ltr'><strong>alitur</strong></span> <span class='ocrx_word' id='word_1_129' title='bbox 733 2327 825 2392; x_wconf 90' lang='lat' dir='ltr'><strong>etad</strong></span> <span class='ocrx_word' id='word_1_130' title='bbox 849 2326 978 2391; x_wconf 88' lang='lat' dir='ltr'><strong>celestia</strong></span> <span class='ocrx_word' id='word_1_131' title='bbox 1014 2346 1102 2389; x_wconf 90' lang='lat' dir='ltr'><strong>mens</strong></span> <span class='ocrx_word' id='word_1_132' title='bbox 1132 2323 1295 2387; x_wconf 90' lang='lat' dir='ltr'><strong>hominum</strong></span> <span class='ocrx_word' id='word_1_133' title='bbox 1319 2322 1411 2386; x_wconf 85' lang='lat' dir='ltr'><strong>facile</strong></span> 
     </span>
     <span class='ocr_line' id='line_1_19' title="bbox 259 2427 1411 2515; baseline -0.001 -24"><span class='ocrx_word' id='word_1_134' title='bbox 259 2428 451 2494; x_wconf 88' lang='lat' dir='ltr'><strong>sublimatur</strong></span> <span class='ocrx_word' id='word_1_135' title='bbox 474 2435 506 2496; x_wconf 91' lang='lat' dir='ltr'><strong>et</strong></span> <span class='ocrx_word' id='word_1_136' title='bbox 528 2432 631 2496; x_wconf 92' lang='lat' dir='ltr'><strong>tocius</strong></span> <span class='ocrx_word' id='word_1_137' title='bbox 647 2433 789 2515; x_wconf 88' lang='lat' dir='ltr'><strong>eorporis</strong></span> <span class='ocrx_word' id='word_1_138' title='bbox 814 2433 912 2496; x_wconf 88' lang='lat' dir='ltr'><strong>robur</strong></span> <span class='ocrx_word' id='word_1_139' title='bbox 931 2432 962 2495; x_wconf 94' lang='lat' dir='ltr'><strong>in</strong></span> <span class='ocrx_word' id='word_1_140' title='bbox 978 2429 1154 2495; x_wconf 88' lang='lat' dir='ltr'><strong>valitudine</strong></span> <span class='ocrx_word' id='word_1_141' title='bbox 1170 2427 1271 2492; x_wconf 89' lang='lat' dir='ltr'><strong>solida</strong></span> <span class='ocrx_word' id='word_1_142' title='bbox 1285 2449 1411 2492; x_wconf 85' lang='lat' dir='ltr'><strong>conser-</strong></span> 
     </span>
     <span class='ocr_line' id='line_1_20' title="bbox 260 2531 1411 2621; baseline -0.003 -23"><span class='ocrx_word' id='word_1_143' title='bbox 260 2538 361 2614; x_wconf 86' lang='lat' dir='ltr'><strong>vatur,</strong></span> <span class='ocrx_word' id='word_1_144' title='bbox 386 2557 448 2621; x_wconf 91' lang='lat' dir='ltr'><strong>que</strong></span> <span class='ocrx_word' id='word_1_145' title='bbox 474 2542 550 2602; x_wconf 90' lang='lat' dir='ltr'><strong>tunc</strong></span> <span class='ocrx_word' id='word_1_146' title='bbox 569 2539 671 2618; x_wconf 87' lang='lat' dir='ltr'><strong>frunt,</strong></span> <span class='ocrx_word' id='word_1_147' title='bbox 696 2539 768 2602; x_wconf 94' lang='lat' dir='ltr'><strong>dum</strong></span> <span class='ocrx_word' id='word_1_148' title='bbox 797 2559 912 2621; x_wconf 89' lang='lat' dir='ltr'><strong>eorpus</strong></span> <span class='ocrx_word' id='word_1_149' title='bbox 934 2537 1130 2620; x_wconf 87' lang='lat' dir='ltr'><strong>parsimonia</strong></span> <span class='ocrx_word' id='word_1_150' title='bbox 1155 2534 1305 2616; x_wconf 84' lang='lat' dir='ltr'><strong>regimus.</strong></span> <span class='ocrx_word' id='word_1_151' title='bbox 1352 2531 1411 2608; x_wconf 82' lang='lat' dir='ltr'><strong>Qui</strong></span> 
     </span>
     <span class='ocr_line' id='line_1_21' title="bbox 259 2639 1410 2724; baseline -0.003 -21"><span class='ocrx_word' id='word_1_152' title='bbox 259 2639 343 2703; x_wconf 90' lang='lat' dir='ltr'><strong>enim</strong></span> <span class='ocrx_word' id='word_1_153' title='bbox 368 2643 510 2707; x_wconf 87' lang='lat' dir='ltr'><strong>continet</strong></span> <span class='ocrx_word' id='word_1_154' title='bbox 523 2647 667 2707; x_wconf 88' lang='lat' dir='ltr'><strong>ventrem</strong></span> <span class='ocrx_word' id='word_1_155' title='bbox 692 2665 793 2722; x_wconf 90' lang='lat' dir='ltr'><strong>suum,</strong></span> <span class='ocrx_word' id='word_1_156' title='bbox 818 2643 936 2707; x_wconf 89' lang='lat' dir='ltr'><strong>minuit</strong></span> <span class='ocrx_word' id='word_1_157' title='bbox 959 2641 1051 2720; x_wconf 88' lang='lat' dir='ltr'><strong>vicia,</strong></span> <span class='ocrx_word' id='word_1_158' title='bbox 1077 2646 1108 2705; x_wconf 91' lang='lat' dir='ltr'><strong>et</strong></span> <span class='ocrx_word' id='word_1_159' title='bbox 1132 2640 1188 2724; x_wconf 92' lang='lat' dir='ltr'><strong>qui</strong></span> <span class='ocrx_word' id='word_1_160' title='bbox 1210 2639 1349 2703; x_wconf 89' lang='lat' dir='ltr'><strong>vincitur</strong></span> <span class='ocrx_word' id='word_1_161' title='bbox 1373 2639 1410 2702; x_wconf 90' lang='lat' dir='ltr'><strong>ab</strong></span> 
     </span>
     <span class='ocr_line' id='line_1_22' title="bbox 258 2743 1412 2832; baseline -0.002 -24"><span class='ocrx_word' id='word_1_162' title='bbox 258 2745 345 2825; x_wconf 89' lang='lat' dir='ltr'><strong>escis,</strong></span> <span class='ocrx_word' id='word_1_163' title='bbox 369 2753 557 2832; x_wconf 84' lang='lat' dir='ltr'><strong>augmentat</strong></span> <span class='ocrx_word' id='word_1_164' title='bbox 580 2750 669 2814; x_wconf 87' lang='lat' dir='ltr'><strong>vicia.</strong></span> <span class='ocrx_word' id='word_1_165' title='bbox 725 2748 956 2813; x_wconf 88' lang='lat' dir='ltr'><strong>Habundancia</strong></span> <span class='ocrx_word' id='word_1_166' title='bbox 986 2748 1070 2812; x_wconf 88' lang='lat' dir='ltr'><strong>enim</strong></span> <span class='ocrx_word' id='word_1_167' title='bbox 1099 2766 1240 2810; x_wconf 90' lang='lat' dir='ltr'><strong>escarum</strong></span> <span class='ocrx_word' id='word_1_168' title='bbox 1264 2743 1412 2807; x_wconf 88' lang='lat' dir='ltr'><strong>nutriunt</strong></span> 
     </span>
     <span class='ocr_line' id='line_1_23' title="bbox 259 2847 1412 2920; baseline -0.005 -6"><span class='ocrx_word' id='word_1_169' title='bbox 259 2851 412 2916; x_wconf 87' lang='lat' dir='ltr'><strong>desideria</strong></span> <span class='ocrx_word' id='word_1_170' title='bbox 425 2849 445 2919; x_wconf 86' lang='lat'><strong>¹.</strong></span> <span class='ocrx_word' id='word_1_171' title='bbox 495 2852 583 2918; x_wconf 90' lang='lat' dir='ltr'><strong>Unde</strong></span> <span class='ocrx_word' id='word_1_172' title='bbox 598 2854 619 2920; x_wconf 87' lang='lat' dir='ltr'><strong>J</strong></span> <span class='ocrx_word' id='word_1_173' title='bbox 621 2855 779 2919; x_wconf 89' lang='lat' dir='ltr'><strong>eronimus</strong></span> <span class='ocrx_word' id='word_1_174' title='bbox 794 2877 800 2918; x_wconf 95' lang='lat'><strong>:</strong></span> <span class='ocrx_word' id='word_1_175' title='bbox 828 2852 1001 2918; x_wconf 77' lang='lat' dir='ltr'><strong>&gt;Ventrem</strong></span> <span class='ocrx_word' id='word_1_176' title='bbox 1023 2852 1196 2915; x_wconf 89' lang='lat' dir='ltr'><strong>distentum</strong></span> <span class='ocrx_word' id='word_1_177' title='bbox 1212 2848 1283 2913; x_wconf 87' lang='lat' dir='ltr'><strong>cibo</strong></span> <span class='ocrx_word' id='word_1_178' title='bbox 1299 2847 1412 2912; x_wconf 91' lang='lat' dir='ltr'><strong>etvini</strong></span> 
     </span>
     <span class='ocr_line' id='line_1_24' title="bbox 260 2951 1404 3042; baseline -0.003 -22"><span class='ocrx_word' id='word_1_179' title='bbox 260 2957 446 3039; x_wconf 90' lang='lat' dir='ltr'><strong>pocionibus</strong></span> <span class='ocrx_word' id='word_1_180' title='bbox 469 2958 639 3042; x_wconf 88' lang='lat' dir='ltr'><strong>irrigatum</strong></span> <span class='ocrx_word' id='word_1_181' title='bbox 663 2958 809 3041; x_wconf 86' lang='lat' dir='ltr'><strong>voluptas</strong></span> <span class='ocrx_word' id='word_1_182' title='bbox 833 2957 1022 3040; x_wconf 78' lang='lat' dir='ltr'><strong>genitalium</strong></span> <span class='ocrx_word' id='word_1_183' title='bbox 1053 2956 1227 3040; x_wconf 75' lang='lat' dir='ltr'><strong>sequitur«</strong></span> <span class='ocrx_word' id='word_1_184' title='bbox 1274 2951 1313 3016; x_wconf 95' lang='lat' dir='ltr'><strong>In</strong></span> <span class='ocrx_word' id='word_1_185' title='bbox 1336 2974 1404 3016; x_wconf 90' lang='lat' dir='ltr'><strong>om-</strong></span> 
     </span>
     <span class='ocr_line' id='line_1_25' title="bbox 260 3058 1407 3143; baseline -0.002 -20"><span class='ocrx_word' id='word_1_186' title='bbox 260 3061 354 3124; x_wconf 91' lang='lat' dir='ltr'><strong>nibus</strong></span> <span class='ocrx_word' id='word_1_187' title='bbox 377 3061 428 3125; x_wconf 90' lang='lat' dir='ltr'><strong>his</strong></span> <span class='ocrx_word' id='word_1_188' title='bbox 451 3083 483 3126; x_wconf 91' lang='lat' dir='ltr'><strong>se</strong></span> <span class='ocrx_word' id='word_1_189' title='bbox 506 3063 649 3128; x_wconf 86' lang='lat' dir='ltr'><strong>sobrium</strong></span> <span class='ocrx_word' id='word_1_190' title='bbox 672 3063 831 3140; x_wconf 81' lang='lat' dir='ltr'><strong>exhibere,</strong></span> <span class='ocrx_word' id='word_1_191' title='bbox 856 3067 892 3126; x_wconf 90' lang='lat' dir='ltr'><strong>ut</strong></span> <span class='ocrx_word' id='word_1_192' title='bbox 915 3062 1070 3126; x_wconf 88' lang='lat' dir='ltr'><strong>sobrietas</strong></span> <span class='ocrx_word' id='word_1_193' title='bbox 1087 3062 1156 3143; x_wconf 88' lang='lat' dir='ltr'><strong>ipsa</strong></span> <span class='ocrx_word' id='word_1_194' title='bbox 1172 3058 1333 3124; x_wconf 89' lang='lat' dir='ltr'><strong>homiuem</strong></span> <span class='ocrx_word' id='word_1_195' title='bbox 1358 3078 1407 3122; x_wconf 93' lang='lat' dir='ltr'><strong>ca·</strong></span> 
     </span>
     <span class='ocr_line' id='line_1_26' title="bbox 260 3163 1408 3250; baseline -0.002 -22"><span class='ocrx_word' id='word_1_196' title='bbox 260 3170 346 3231; x_wconf 90' lang='lat' dir='ltr'><strong>stum</strong></span> <span class='ocrx_word' id='word_1_197' title='bbox 368 3167 526 3248; x_wconf 87' lang='lat' dir='ltr'><strong>exhibeat,</strong></span> <span class='ocrx_word' id='word_1_198' title='bbox 551 3169 767 3232; x_wconf 84' lang='lat' dir='ltr'><strong>sanctionibus</strong></span> <span class='ocrx_word' id='word_1_199' title='bbox 783 3172 911 3250; x_wconf 86' lang='lat' dir='ltr'><strong>patrum</strong></span> <span class='ocrx_word' id='word_1_200' title='bbox 927 3171 1066 3232; x_wconf 88' lang='lat' dir='ltr'><strong>cavetur.</strong></span> <span class='ocrx_word' id='word_1_201' title='bbox 1114 3165 1197 3230; x_wconf 88' lang='lat' dir='ltr'><strong>Nam</strong></span> <span class='ocrx_word' id='word_1_202' title='bbox 1218 3185 1275 3248; x_wconf 88' lang='lat' dir='ltr'><strong>per</strong></span> <span class='ocrx_word' id='word_1_203' title='bbox 1290 3163 1408 3227; x_wconf 88' lang='lat' dir='ltr'><strong>sobrie·</strong></span> 
     </span>
     <span class='ocr_line' id='line_1_27' title="bbox 260 3267 1412 3356; baseline -0.004 -21"><span class='ocrx_word' id='word_1_204' title='bbox 260 3275 359 3337; x_wconf 90' lang='lat' dir='ltr'><strong>tatem</strong></span> <span class='ocrx_word' id='word_1_205' title='bbox 383 3272 484 3356; x_wconf 88' lang='lat' dir='ltr'><strong>ipsam</strong></span> <span class='ocrx_word' id='word_1_206' title='bbox 508 3274 649 3338; x_wconf 88' lang='lat' dir='ltr'><strong>custodia</strong></span> <span class='ocrx_word' id='word_1_207' title='bbox 672 3273 819 3337; x_wconf 88' lang='lat' dir='ltr'><strong>sanitatis</strong></span> <span class='ocrx_word' id='word_1_208' title='bbox 842 3273 946 3337; x_wconf 88' lang='lat' dir='ltr'><strong>anime</strong></span> <span class='ocrx_word' id='word_1_209' title='bbox 971 3277 1003 3337; x_wconf 88' lang='lat' dir='ltr'><strong>et</strong></span> <span class='ocrx_word' id='word_1_210' title='bbox 1025 3271 1167 3355; x_wconf 89' lang='lat' dir='ltr'><strong>corporis</strong></span> <span class='ocrx_word' id='word_1_211' title='bbox 1183 3268 1278 3333; x_wconf 91' lang='lat' dir='ltr'><strong>simul</strong></span> <span class='ocrx_word' id='word_1_212' title='bbox 1293 3267 1412 3332; x_wconf 84' lang='lat' dir='ltr'><strong>existit.</strong></span> 
     </span>
     <span class='ocr_line' id='line_1_28' title="bbox 262 3374 1412 3463; baseline -0.003 -22"><span class='ocrx_word' id='word_1_213' title='bbox 262 3376 308 3441; x_wconf 84' lang='lat' dir='ltr'><strong>Ex</strong></span> <span class='ocrx_word' id='word_1_214' title='bbox 332 3377 401 3460; x_wconf 88' lang='lat' dir='ltr'><strong>ipsa</strong></span> <span class='ocrx_word' id='word_1_215' title='bbox 424 3399 561 3463; x_wconf 87' lang='lat' dir='ltr'><strong>namque</strong></span> <span class='ocrx_word' id='word_1_216' title='bbox 584 3380 742 3463; x_wconf 88' lang='lat' dir='ltr'><strong>prodeunt</strong></span> <span class='ocrx_word' id='word_1_217' title='bbox 766 3384 851 3443; x_wconf 86' lang='lat' dir='ltr'><strong>caste</strong></span> <span class='ocrx_word' id='word_1_218' title='bbox 873 3379 1096 3463; x_wconf 86' lang='lat' dir='ltr'><strong>cogitaciones,</strong></span> <span class='ocrx_word' id='word_1_219' title='bbox 1125 3374 1333 3441; x_wconf 88' lang='lat' dir='ltr'><strong>racionabiles</strong></span> <span class='ocrx_word' id='word_1_220' title='bbox 1358 3395 1412 3438; x_wconf 91' lang='lat' dir='ltr'><strong>vo·</strong></span> 
     </span>
     <span class='ocr_line' id='line_1_29' title="bbox 262 3477 1413 3567; baseline -0.003 -21"><span class='ocrx_word' id='word_1_221' title='bbox 262 3482 414 3563; x_wconf 90' lang='lat' dir='ltr'><strong>luntates,</strong></span> <span class='ocrx_word' id='word_1_222' title='bbox 438 3483 579 3549; x_wconf 87' lang='lat' dir='ltr'><strong>salubria</strong></span> <span class='ocrx_word' id='word_1_223' title='bbox 602 3485 743 3563; x_wconf 89' lang='lat' dir='ltr'><strong>consilia,</strong></span> <span class='ocrx_word' id='word_1_224' title='bbox 767 3490 798 3549; x_wconf 90' lang='lat' dir='ltr'><strong>et</strong></span> <span class='ocrx_word' id='word_1_225' title='bbox 814 3506 871 3567; x_wconf 89' lang='lat' dir='ltr'><strong>per</strong></span> <span class='ocrx_word' id='word_1_226' title='bbox 894 3485 1087 3548; x_wconf 88' lang='lat' dir='ltr'><strong>voluntarias</strong></span> <span class='ocrx_word' id='word_1_227' title='bbox 1117 3477 1318 3546; x_wconf 73' lang='lat' dir='ltr'><strong>afflixiones²</strong></span> <span class='ocrx_word' id='word_1_228' title='bbox 1342 3500 1413 3543; x_wconf 86' lang='lat' dir='ltr'><strong>caro</strong></span> 
     </span>
     <span class='ocr_line' id='line_1_30' title="bbox 262 3587 1370 3672; baseline -0.005 -19"><span class='ocrx_word' id='word_1_229' title='bbox 262 3589 526 3672; x_wconf 88' lang='lat' dir='ltr'><strong>concupiscencijs</strong></span> <span class='ocrx_word' id='word_1_230' title='bbox 550 3591 695 3670; x_wconf 87' lang='lat' dir='ltr'><strong>moritur,</strong></span> <span class='ocrx_word' id='word_1_231' title='bbox 720 3591 806 3655; x_wconf 89' lang='lat' dir='ltr'><strong>etin</strong></span> <span class='ocrx_word' id='word_1_232' title='bbox 830 3590 1004 3654; x_wconf 87' lang='lat' dir='ltr'><strong>virtutibus</strong></span> <span class='ocrx_word' id='word_1_233' title='bbox 1027 3589 1166 3672; x_wconf 87' lang='lat' dir='ltr'><strong>spiritus</strong></span> <span class='ocrx_word' id='word_1_234' title='bbox 1189 3587 1370 3650; x_wconf 85' lang='lat' dir='ltr'><strong>innovatur.</strong></span> 
     </span>
     <span class='ocr_line' id='line_1_31' title="bbox 349 3691 1413 3775; baseline -0.005 -18"><span class='ocrx_word' id='word_1_235' title='bbox 349 3694 470 3758; x_wconf 86' lang='lat' dir='ltr'><strong>Deinde</strong></span> <span class='ocrx_word' id='word_1_236' title='bbox 493 3696 688 3775; x_wconf 87' lang='lat' dir='ltr'><strong>lamentaris,</strong></span> <span class='ocrx_word' id='word_1_237' title='bbox 711 3697 873 3762; x_wconf 84' lang='lat' dir='ltr'><strong>tellurem</strong></span> <span class='ocrx_word' id='word_1_238' title='bbox 898 3696 1110 3761; x_wconf 87' lang='lat' dir='ltr'><strong>adolescencie</strong></span> <span class='ocrx_word' id='word_1_239' title='bbox 1136 3698 1169 3759; x_wconf 92' lang='lat' dir='ltr'><strong>et</strong></span> <span class='ocrx_word' id='word_1_240' title='bbox 1183 3691 1358 3757; x_wconf 90' lang='lat' dir='ltr'><strong>iuventutis</strong></span> <span class='ocrx_word' id='word_1_241' title='bbox 1381 3691 1413 3752; x_wconf 90' lang='lat' dir='ltr'><strong>iu</strong></span> 
     </span>
     <span class='ocr_line' id='line_1_32' title="bbox 261 3796 1414 3884; baseline -0.005 -20"><span class='ocrx_word' id='word_1_242' title='bbox 261 3799 457 3864; x_wconf 87' lang='lat' dir='ltr'><strong>vanitatibus</strong></span> <span class='ocrx_word' id='word_1_243' title='bbox 478 3801 576 3866; x_wconf 90' lang='lat' dir='ltr'><strong>seculi</strong></span> <span class='ocrx_word' id='word_1_244' title='bbox 598 3803 630 3865; x_wconf 93' lang='lat' dir='ltr'><strong>in</strong></span> <span class='ocrx_word' id='word_1_245' title='bbox 656 3802 863 3867; x_wconf 89' lang='lat' dir='ltr'><strong>universitate</strong></span> <span class='ocrx_word' id='word_1_246' title='bbox 886 3801 1072 3884; x_wconf 85' lang='lat' dir='ltr'><strong>expendisse</strong></span> <span class='ocrx_word' id='word_1_247' title='bbox 1095 3804 1127 3862; x_wconf 90' lang='lat' dir='ltr'><strong>st</strong></span> <span class='ocrx_word' id='word_1_248' title='bbox 1149 3802 1183 3862; x_wconf 90' lang='lat' dir='ltr'><strong>te</strong></span> <span class='ocrx_word' id='word_1_249' title='bbox 1214 3796 1414 3860; x_wconf 80' lang='lat' dir='ltr'><strong>fallaciarum</strong></span> 
     </span>
     <span class='ocr_line' id='line_1_33' title="bbox 262 3900 1413 3991; baseline -0.003 -23"><span class='ocrx_word' id='word_1_250' title='bbox 262 3905 482 3970; x_wconf 89' lang='lat' dir='ltr'><strong>insolubilium</strong></span> <span class='ocrx_word' id='word_1_251' title='bbox 503 3907 778 3990; x_wconf 88' lang='lat' dir='ltr'><strong>argumentacioni</strong></span> <span class='ocrx_word' id='word_1_252' title='bbox 801 3929 930 3991; x_wconf 87' lang='lat' dir='ltr'><strong>operam</strong></span> <span class='ocrx_word' id='word_1_253' title='bbox 953 3906 1088 3970; x_wconf 90' lang='lat' dir='ltr'><strong>nimium</strong></span> <span class='ocrx_word' id='word_1_254' title='bbox 1112 3904 1232 3969; x_wconf 89' lang='lat' dir='ltr'><strong>dedisse</strong></span> <span class='ocrx_word' id='word_1_255' title='bbox 1256 3905 1314 3966; x_wconf 89' lang='lat' dir='ltr'><strong>etc.</strong></span> <span class='ocrx_word' id='word_1_256' title='bbox 1351 3900 1413 3964; x_wconf 75' lang='lat' dir='ltr'><strong>llx-</strong></span> 
     </span>
     <span class='ocr_line' id='line_1_34' title="bbox 261 4007 1414 4094; baseline -0.006 -20"><span class='ocrx_word' id='word_1_257' title='bbox 261 4011 350 4089; x_wconf 92' lang='lat' dir='ltr'><strong>timo,</strong></span> <span class='ocrx_word' id='word_1_258' title='bbox 377 4015 408 4074; x_wconf 92' lang='lat' dir='ltr'><strong>te</strong></span> <span class='ocrx_word' id='word_1_259' title='bbox 430 4012 671 4094; x_wconf 89' lang='lat' dir='ltr'><strong>tunctemporis</strong></span> <span class='ocrx_word' id='word_1_260' title='bbox 694 4011 727 4075; x_wconf 94' lang='lat' dir='ltr'><strong>in</strong></span> <span class='ocrx_word' id='word_1_261' title='bbox 743 4032 866 4076; x_wconf 90' lang='lat' dir='ltr'><strong>summo</strong></span> <span class='ocrx_word' id='word_1_262' title='bbox 889 4010 1057 4075; x_wconf 88' lang='lat' dir='ltr'><strong>felicitatis</strong></span> <span class='ocrx_word' id='word_1_263' title='bbox 1083 4008 1190 4094; x_wconf 72' lang='lat' dir='ltr'><strong>lgradu</strong></span> <span class='ocrx_word' id='word_1_264' title='bbox 1214 4007 1414 4071; x_wconf 85' lang='lat' dir='ltr'><strong>estimacione</strong></span> 
     </span>
     <span class='ocr_line' id='line_1_35' title="bbox 261 4112 1413 4202; baseline -0.005 -22"><span class='ocrx_word' id='word_1_265' title='bbox 261 4121 318 4180; x_wconf 88' lang='lat' dir='ltr'><strong>tua</strong></span> <span class='ocrx_word' id='word_1_266' title='bbox 339 4116 438 4180; x_wconf 87' lang='lat' dir='ltr'><strong>fuisse</strong></span> <span class='ocrx_word' id='word_1_267' title='bbox 468 4117 584 4196; x_wconf 86' lang='lat' dir='ltr'><strong>situm,</strong></span> <span class='ocrx_word' id='word_1_268' title='bbox 618 4117 766 4202; x_wconf 88' lang='lat' dir='ltr'><strong>quociens</strong></span> <span class='ocrx_word' id='word_1_269' title='bbox 798 4117 882 4181; x_wconf 87' lang='lat' dir='ltr'><strong>forte</strong></span> <span class='ocrx_word' id='word_1_270' title='bbox 917 4137 1014 4180; x_wconf 89' lang='lat' dir='ltr'><strong>unum</strong></span> <span class='ocrx_word' id='word_1_271' title='bbox 1038 4114 1186 4198; x_wconf 88' lang='lat' dir='ltr'><strong>fragilem</strong></span> <span class='ocrx_word' id='word_1_272' title='bbox 1216 4112 1413 4196; x_wconf 87' lang='lat' dir='ltr'><strong>silogismum</strong></span> 
     </span>
     <span class='ocr_line' id='line_1_36' title="bbox 263 4219 1415 4302; baseline -0.005 -17"><span class='ocrx_word' id='word_1_273' title='bbox 263 4227 295 4285; x_wconf 91' lang='lat' dir='ltr'><strong>et</strong></span> <span class='ocrx_word' id='word_1_274' title='bbox 317 4221 415 4286; x_wconf 91' lang='lat' dir='ltr'><strong>nichil</strong></span> <span class='ocrx_word' id='word_1_275' title='bbox 442 4245 479 4286; x_wconf 87' lang='lat' dir='ltr'><strong>ex</strong></span> <span class='ocrx_word' id='word_1_276' title='bbox 494 4223 614 4288; x_wconf 91' lang='lat' dir='ltr'><strong>nichilo</strong></span> <span class='ocrx_word' id='word_1_277' title='bbox 630 4222 870 4287; x_wconf 88' lang='lat' dir='ltr'><strong>concludentem</strong></span> <span class='ocrx_word' id='word_1_278' title='bbox 887 4220 989 4286; x_wconf 90' lang='lat' dir='ltr'><strong>multa</strong></span> <span class='ocrx_word' id='word_1_279' title='bbox 1012 4219 1132 4285; x_wconf 89' lang='lat' dir='ltr'><strong>cerebri</strong></span> <span class='ocrx_word' id='word_1_280' title='bbox 1156 4219 1325 4302; x_wconf 86' lang='lat' dir='ltr'><strong>vertigine,</strong></span> <span class='ocrx_word' id='word_1_281' title='bbox 1347 4221 1415 4282; x_wconf 89' lang='lat' dir='ltr'><strong>tota</strong></span> 
     </span>
     <span class='ocr_line' id='line_1_37' title="bbox 829 4351 848 4387; baseline 0 0"><span class='ocrx_word' id='word_1_282' title='bbox 829 4351 848 4387; x_wconf 67' lang='lat' dir='ltr'><strong>nt</strong></span> 
     </span>
    </p>
   </div>
   <div class='ocr_carea' id='block_1_3' title="bbox 264 4443 1414 4604">
    <p class='ocr_par' dir='ltr' id='par_1_3' title="bbox 264 4443 1414 4604">
     <span class='ocr_line' id='line_1_38' title="bbox 335 4443 1414 4518; baseline -0.004 -18"><span class='ocrx_word' id='word_1_283' title='bbox 335 4449 409 4501; x_wconf 90' lang='lat' dir='ltr'><strong>llm</strong></span> <span class='ocrx_word' id='word_1_284' title='bbox 428 4452 544 4518; x_wconf 89' lang='lat' dir='ltr'><strong>concept</strong></span> <span class='ocrx_word' id='word_1_285' title='bbox 572 4449 647 4503; x_wconf 82' lang='lat' dir='ltr'><strong>steht</strong></span> <span class='ocrx_word' id='word_1_286' title='bbox 673 4446 732 4502; x_wconf 88' lang='lat' dir='ltr'><strong>hier</strong></span> <span class='ocrx_word' id='word_1_287' title='bbox 751 4450 838 4504; x_wconf 91' lang='lat' dir='ltr'><strong>unten</strong></span> <span class='ocrx_word' id='word_1_288' title='bbox 866 4446 917 4502; x_wconf 90' lang='lat' dir='ltr'><strong>auf</strong></span> <span class='ocrx_word' id='word_1_289' title='bbox 944 4446 994 4500; x_wconf 89' lang='lat' dir='ltr'><strong>der</strong></span> <span class='ocrx_word' id='word_1_290' title='bbox 1022 4445 1102 4501; x_wconf 85' lang='lat' dir='ltr'><strong>saite:</strong></span> <span class='ocrx_word' id='word_1_291' title='bbox 1139 4444 1226 4498; x_wconf 78' lang='lat' dir='ltr'><strong>»vide</strong></span> <span class='ocrx_word' id='word_1_292' title='bbox 1250 4443 1285 4498; x_wconf 92' lang='lat' dir='ltr'><strong>de</strong></span> <span class='ocrx_word' id='word_1_293' title='bbox 1312 4445 1364 4499; x_wconf 91' lang='lat' dir='ltr'><strong>hoc</strong></span> <span class='ocrx_word' id='word_1_294' title='bbox 1382 4443 1414 4496; x_wconf 91' lang='lat' dir='ltr'><strong>de</strong></span> 
     </span>
     <span class='ocr_line' id='line_1_39' title="bbox 264 4530 1308 4604; baseline -0.005 -19"><span class='ocrx_word' id='word_1_295' title='bbox 264 4534 440 4590; x_wconf 86' lang='lat' dir='ltr'><strong>abstinencia</strong></span> <span class='ocrx_word' id='word_1_296' title='bbox 458 4536 488 4589; x_wconf 89' lang='lat' dir='ltr'><strong>in</strong></span> <span class='ocrx_word' id='word_1_297' title='bbox 508 4535 579 4591; x_wconf 90' lang='lat' dir='ltr'><strong>libro</strong></span> <span class='ocrx_word' id='word_1_298' title='bbox 598 4535 740 4604; x_wconf 61' lang='lat' dir='ltr'><strong>antiquos</strong></span> <span class='ocrx_word' id='word_1_299' title='bbox 813 4537 830 4589; x_wconf 81' lang='lat'>2</span> <span class='ocrx_word' id='word_1_300' title='bbox 849 4533 972 4604; x_wconf 70' lang='lat' dir='ltr'><strong>concept</strong></span> <span class='ocrx_word' id='word_1_301' title='bbox 991 4532 1114 4602; x_wconf 85' lang='lat' dir='ltr'><strong>richtig:</strong></span> <span class='ocrx_word' id='word_1_302' title='bbox 1134 4530 1308 4586; x_wconf 84' lang='lat' dir='ltr'><strong>afflicciones.</strong></span> 
     </span>
    </p>
   </div>
   <div class='ocr_carea' id='block_1_4' title="bbox 0 0 1562 5236">
    <p class='ocr_par' dir='ltr' id='par_1_4' title="bbox 0 0 1562 5236">
     <span class='ocr_line' id='line_1_40' title="bbox 0 0 1562 5236; baseline 0 0"><span class='ocrx_word' id='word_1_303' title='bbox 0 0 1562 5236; x_wconf 95' lang='lat' dir='ltr'><strong> </strong></span> 
     </span>
    </p>
   </div>
  </div>
 </body>
</html>
