3106 5252
821 488 862 552 44

263 662 349 741 deuS,
374 663 429 746 qui
453 684 523 727 cum
556 666 661 729 cetera
690 663 730 727 ab
753 660 881 734 homine
916 663 1066 728 animalia
1089 664 1128 728 ed
1151 665 1271 728 terram
1294 664 1415 728 deiecta

261 771 292 831 et
316 769 418 832 ventri
442 767 623 852 pabuloque
639 767 928 852 inservientibus(!)
953 767 1129 845 formasset,
1154 767 1327 848 hominem,
1354 768 1415 834 hoc

260 876 308 937 est
341 875 485 938 sanetum
508 872 541 936 iu
578 873 672 937 terris
705 870 832 950 animal,
866 870 988 937 excelsa
1020 878 1162 952 stature,
1196 894 1250 938 ore
1273 872 1413 952 sublimi,

263 982 368 1042 erecto
394 977 484 1042 vultu
508 977 643 1042 effinxit.
690 975 767 1041 Cum
792 977 874 1040 enim
899 977 1025 1061 inipso
1049 983 1129 1043 esset
1152 979 1211 1042 celi
1227 978 1336 1061 porcio
1358 981 1415 1042 aut

262 1082 516 1148 immortalitatis
534 1083 740 1166 exspectacio,
765 1082 924 1146 hominem
942 1084 1032 1167 quasi
1049 1087 1195 1168 porrecta
1211 1105 1307 1148 manu
1330 1087 1365 1148 et
1376 1082 1411 1168 [l]

260 1190 357 1255 humo
390 1188 567 1268 sublevans,
592 1188 727 1254 faciest
757 1187 857 1252 oculis
880 1187 914 1252 in
940 1188 1041 1253 celum
1075 1189 1214 1267 elevatis,
1239 1192 1413 1253 creatorem

260 1317 351 1359 suum
375 1293 556 1379 intelligere
580 1315 615 1359 ac
631 1294 722 1359 deum
746 1315 837 1358 suum
853 1294 1011 1360 noscitare
1029 1295 1121 1360 iussit
1136 1315 1270 1379 cumque
1287 1293 1412 1378 reliqua

261 1398 398 1464 hominis
421 1398 575 1464 animalia
598 1399 679 1479 sint,
713 1398 808 1464 homo
836 1420 869 1464 se
892 1399 941 1464 dei
965 1399 1083 1465 animal
1108 1405 1321 1485 cognosceret.
1371 1397 1413 1462 llt

261 1510 366 1569 autem
390 1526 456 1569 rem
479 1505 580 1588 ipsam
604 1504 787 1569 summatim
810 1503 985 1588 explicem,
1009 1505 1145 1570 mundus
1167 1505 1286 1570 idcirco
1308 1504 1411 1568 tactus

262 1613 325 1690 est,
348 1612 385 1673 ut
400 1609 495 1673 homo
510 1613 705 1687 nasceretur,
728 1607 823 1672 homo
840 1609 910 1673 ideo
926 1613 1020 1675 natus
1042 1615 1099 1690 est,
1123 1614 1159 1674 ut
1176 1610 1270 1674 deum
1286 1615 1409 1693 patrem

263 1719 445 1799 agnosceret
470 1719 502 1779 et
518 1713 674 1779 iusticiam
693 1713 819 1794 coleret,
844 1719 881 1778 ut
897 1719 929 1779 et
944 1736 1003 1798 pro
1020 1715 1162 1780 laborum
1187 1716 1329 1781 mercede
1353 1715 1412 1780 im·

265 1819 494 1884 mortalitatem
519 1823 551 1885 et
574 1819 711 1885 reditum
738 1820 769 1882 in
785 1818 870 1884 celos
886 1825 1115 1904 assequeretur.
1165 1819 1335 1886 Hominem
1360 1820 1411 1884 do·

267 1925 363 2010 nique
386 1926 423 1989 ad
440 1925 598 1990 iusticiam
616 1946 651 1990 ac
667 1925 765 1990 bonos
781 1947 894 2005 mores,
918 1926 1090 2010 propositis
1107 1929 1194 1992 recte
1209 1926 1413 1991 innocenter-

264 2053 325 2116 que
347 2030 473 2095 virendi
496 2030 645 2095 formulis
668 2035 778 2095 natum
803 2052 877 2110 esse,
900 2031 960 2095 viri
982 2031 1162 2116 gravissimi
1186 2035 1218 2096 et
1238 2031 1413 2096 doctissimi

263 2139 359 2201 testes
382 2135 529 2218 probant.
575 2134 682 2200 Nichil
718 2140 766 2200 est
795 2136 880 2199 euim
902 2134 952 2199 illi
976 2136 1114 2220 principi
1138 2118 1204 2216 deo',
1229 2137 1284 2219 qui
1308 2141 1413 2200 totum

263 2241 418 2305 mundum
444 2239 538 2324 regit,
562 2240 594 2303 in
618 2238 712 2303 terris
735 2239 898 2322 acceptius
914 2244 947 2304 et
962 2240 1175 2323 prestabilius,
1201 2263 1295 2326 quarn
1320 2241 1415 2324 plane

262 2346 403 2432 intelligi
426 2367 482 2410 nos
506 2346 545 2409 ad
577 2345 733 2410 iusticiam
766 2349 866 2410 natos.
913 2343 981 2409 Nec
1003 2347 1144 2425 mirum,
1166 2367 1238 2412 cum
1261 2346 1335 2424 dei,
1361 2346 1416 2430 qui

264 2452 388 2517 iustitia
412 2455 470 2529 est,
494 2451 737 2516 similitudinem
761 2452 828 2534 ipse
851 2451 944 2517 ferat.

350 2556 417 2632 Qus
440 2578 512 2622 curn
545 2557 591 2620 ita
615 2558 690 2636 sint,
713 2556 938 2621 humanissime
961 2561 1087 2640 pretor,
1119 2561 1151 2622 te
1175 2557 1277 2621 virum
1301 2557 1414 2621 huma-

264 2663 439 2741 nissimum,
465 2662 567 2726 virum
591 2660 842 2745 integerrimum,
865 2665 1025 2744 pretorem
1042 2661 1097 2725 deo
1120 2684 1239 2740 carum,
1262 2661 1320 2726 deo
1343 2660 1413 2746 pla-

261 2769 377 2848 citum,
409 2769 466 2832 deo
500 2767 635 2851 denique
667 2767 921 2850 acceptissimum
945 2766 1041 2832 huius
1074 2767 1160 2851 regie
1193 2767 1281 2831 urbis
1304 2766 1408 2832 clerus

262 2875 365 2939 omnis
399 2878 432 2937 et
459 2873 520 2937 viri
550 2871 723 2939 doctissimi
756 2872 946 2937 creberrime
976 2873 1149 2957 predicant.
1196 2870 1299 2936 Tanta
1329 2873 1415 2936 euim

263 2984 342 3063 aput
365 3000 417 3043 eos
441 2983 496 3042 tua
519 2977 641 3057 virtus,
666 2977 837 3061 prudentia
870 2983 903 3042 et
925 2978 1074 3062 frequens
1098 2976 1284 3040 meritorum
1307 2975 1415 3059 predi-

263 3086 347 3151 cacio
364 3084 475 3163 valuit,
499 3087 536 3148 ut
551 3084 625 3148 dum
645 3086 676 3147 te
705 3083 807 3147 virum
832 3083 1073 3168 integerrimum
1090 3086 1316 3165 cognoverunt,
1339 3103 1414 3166 cog·

263 3192 367 3255 nitum
382 3195 545 3273 optarunt,
561 3192 706 3272 optatum
722 3193 883 3271 pretorem
899 3188 1035 3252 assecuti
1050 3189 1134 3266 sunt,
1159 3192 1192 3251 et
1207 3186 1251 3251 sic
1266 3187 1416 3267 assecuti,

266 3302 302 3359 ut
325 3295 412 3360 ultra
434 3295 690 3378 expectaeionem
713 3294 808 3378 louge
830 3293 982 3358 maiorem
1000 3292 1048 3358 tui
1072 3292 1171 3376 ipsius
1194 3291 1331 3377 gloriam
1347 3315 1415 3356 ma·

264 3401 418 3486 gistratus
441 3399 660 3466 ostenderet..
677 3448 704 3465 ..

352 3505 422 3584 Sed,
440 3504 668 3598 cinvidissima
681 3526 786 3569 rerum
802 3505 1014 3570 humanarum
1024 3504 1156 3570 fortuna
1166 3502 1413 3588 imperantibus·

266 3634 327 3697 que
349 3611 626 3696 perhorrescenda,
651 3633 722 3675 oum
745 3614 795 3676 tot
818 3611 988 3696 nepharios
1004 3610 1160 3690 homines,
1182 3615 1232 3674 tot
1255 3608 1413 3688 scelestes,

264 3739 398 3803 quorum
430 3739 526 3801 opera
560 3717 593 3781 in
615 3715 714 3781 solam
738 3715 910 3800 perniciem
933 3715 1078 3798 gentium
1100 3719 1262 3799 spectant,
1295 3713 1413 3779 versari

263 3823 296 3887 in
321 3822 415 3888 terris
438 3822 579 3887 videmus
602 3821 777 3887 valitudine
799 3842 952 3904 prospera
975 3821 1160 3906 diuciusque
1174 3821 1291 3899 vivere,
1316 3840 1413 3903 quam

264 3928 346 3993 forat
375 3928 549 3992 communis
584 3928 690 4006 salus,
722 3947 801 4010 quos
832 3925 1039 3998 utilissimum
1074 3926 1178 3991 fuerat
1202 3925 1237 4010 (!)
1261 3925 1331 3990 orbi
1361 3929 1417 3989 aut

264 4055 436 4117 numquam
452 4036 542 4097 natos
565 4035 620 4096 aut
635 4053 730 4116 quam
755 4030 893 4114 primum
909 4030 1078 4114 interijsse,
1096 4053 1148 4096 eos
1162 4052 1248 4110 vero,
1277 4050 1414 4114 quorum

264 4143 311 4203 est
333 4138 400 4203 vita
423 4139 513 4202 nobis
529 4137 688 4215 salutaris,
712 4136 767 4221 qui
783 4157 879 4219 opere
903 4141 935 4200 et
950 4137 1095 4220 exemplo
1110 4137 1257 4221 prodesse
1272 4138 1415 4219 possent,

262 4243 295 4308 in
312 4244 427 4328 quibus
436 4243 611 4308 multorum
621 4242 782 4326 refugium
796 4241 983 4307 consisteret
998 4249 1053 4306 aut
1069 4242 1257 4326 parvipendi
1274 4244 1339 4322 aut,
1354 4241 1411 4306 ubi

263 4350 302 4414 de
325 4349 370 4412 rei
393 4347 519 4432 publice
546 4349 688 4412 utilitate
711 4351 877 4427 tractatur,
901 4346 1019 4412 secludi
1046 4352 1078 4411 et
1103 4346 1283 4430 contempnj
1303 4395 1415 4412 ......

264 4451 372 4520 Unum
401 4460 527 4534 autem,
557 4457 666 4538 pretor
688 4451 923 4532 humanissime,
947 4451 986 4517 ad
1008 4455 1040 4515 te
1063 4452 1199 4516 scribere
1223 4448 1305 4529 volo,
1331 4449 1417 4534 quod

264 4582 472 4647 sepenumero
490 4565 594 4624 mente
611 4557 771 4623 revolvere
800 4556 900 4622 soleo:
924 4556 1006 4621 nihil
1030 4561 1085 4622 aut
1102 4577 1214 4639 parum
1239 4554 1313 4620 huic
1329 4554 1418 4640 regie
