3092 5244
807 452 850 518 94

793 711 854 782 45.

118 951 121 958 ¹
250 845 463 919 Hartmann
491 845 647 921 Schedel
681 872 729 920 an
770 848 966 922 Hermann
1007 849 1172 924 Schedel.
1237 849 1403 944 [Leipzig

704 970 800 1042 1462
829 969 944 1066 oct.]¹

500 1124 564 1180 clm.
582 1121 634 1176 418
653 1126 671 1178 f.
709 1124 769 1180 251.
804 1124 951 1181 Abscbrilt
969 1127 1148 1182 Hartmanns.

293 1273 629 1358 Wiederbolung
652 1276 721 1339 der
745 1277 884 1341 bitten
908 1277 977 1341 des
1002 1278 1177 1362 vorigen
1203 1277 1354 1342 briefs.

334 1412 475 1480 Salutem
499 1414 670 1497 plurimam
694 1415 779 1480 dicit.
827 1413 950 1490 Nescio,
976 1415 1104 1499 egregie
1127 1413 1255 1477 domine
1278 1413 1402 1493 doctor,

246 1520 370 1584 litteras
404 1540 442 1581 an
476 1518 668 1600 receperitis,
700 1540 778 1602 quas
803 1520 853 1584 15.
882 1519 944 1582 kal.
962 1517 1157 1604 Septembris
1188 1520 1226 1583 61
1254 1540 1310 1583 vos
1333 1520 1402 1583 veri

245 1623 362 1688 amoris
393 1644 487 1688 causa
517 1622 694 1702 transmisi,
725 1622 801 1707 quia
834 1623 917 1687 nihil
939 1623 1002 1688 iam
1032 1623 1086 1687 diu
1108 1645 1128 1686 a
1150 1621 1239 1687 vobis
1262 1623 1401 1707 suscepi,

247 1729 392 1814 quamvis
416 1749 455 1792 ex
474 1729 619 1812 Augusta
641 1726 742 1814 aliqui
765 1729 804 1792 ad
826 1748 882 1794 nos
896 1731 1063 1808 venerunt,
1086 1728 1237 1812 aquibus
1253 1732 1285 1791 61
1307 1750 1327 1791 6
1343 1749 1402 1811 pa·

248 1838 320 1898 1166
344 1831 483 1898 1106110Ι
505 1833 551 1897 nil
576 1834 757 1920 intelligere
779 1836 881 1918 potui.
928 1833 1027 1919 ldque
1049 1832 1137 1913 facit,
1170 1838 1207 1897 ut
1229 1833 1286 1897 has
1310 1832 1403 1898 vobis

249 1959 333 2002 nunc
355 1939 461 2004 scibo
484 1938 618 2003 litteras.
648 1938 730 2006 Nam
755 1942 781 2004 si
798 1936 1063 2005 61161616116618
1086 1937 1284 2018 transierint,
1309 1942 1401 2022 pote-

248 2048 322 2108 runt
345 2045 404 2108 iste
431 2045 464 2108 in
488 2044 592 2108 locum
616 2047 790 2110 succedere.
844 2044 994 2110 Naturali
1024 2043 1192 2109 affeccione
1218 2043 1400 2128 ymaginor,

246 2149 404 2213 neminem
428 2170 566 2234 uuquam
592 2149 757 2214 hominum
780 2150 888 2228 fuisse,
912 2149 967 2233 qui
992 2150 1109 2213 bonum
1133 2148 1253 2212 habens
1275 2152 1399 2212 statum

245 2252 406 2317 meliorem
430 2254 562 2333 adipisci
579 2255 769 2341 nequiverit,
793 2260 825 2319 et
848 2256 874 2319 si
898 2253 1032 2320 fortasse
1047 2253 1235 2339 perdifficile
1250 2253 1399 2318 videatur

245 2357 388 2436 nimium,
411 2359 459 2421 uti
475 2355 642 2442 Therencij
667 2361 783 2443 probet
805 2361 982 2424 sentencie:
1025 2357 1154 2423 »Nichil
1175 2361 1241 2422 tam
1265 2358 1400 2423 difficile

246 2468 304 2541 661,
329 2463 405 2547 quin
422 2465 580 2548 querendo
603 2466 789 2550 investigari
806 2466 933 2549 possit.‹
970 2463 1044 2528 Ideo
1066 2465 1125 2528 etsi
1152 2485 1215 2528 non
1239 2463 1282 2526 sit
1306 2463 1399 2541 mihi,

246 2568 328 2654 quod
353 2568 391 2633 de
414 2573 501 2634 statu
523 2592 593 2634 meo
617 2569 745 2635 fortune
769 2570 935 2654 imputem,
959 2573 1063 2634 tamen
1087 2570 1125 2633 de
1140 2567 1290 2653 ampliori
1313 2588 1397 2631 sem·

243 2694 302 2757 per
324 2694 361 2740 ac
384 2673 521 2760 digniori
555 2680 643 2740 statu
667 2675 883 2752 considerans,
908 2695 1030 2760 nequeo
1054 2696 1116 2739 non
1140 2674 1320 2739 desiderare
1343 2674 1397 2739 de-

242 2778 356 2843 siderio
390 2801 505 2867 magno
539 2781 651 2860 valde,
681 2779 759 2845 mihi
793 2779 874 2844 illud
897 2781 1042 2859 evenire,
1073 2780 1158 2865 quod
1181 2782 1213 2843 61
1236 2779 1316 2842 mihi
1340 2801 1400 2864 per

241 2904 350 2948 omnes
373 2883 473 2949 ferme
505 2884 630 2948 litteras
661 2889 780 2949 vestras
816 2905 998 2969 persuasum
1030 2885 1135 2949 fuerat
1156 2889 1188 2950 et
1212 2884 1253 2948 ab
1275 2885 1395 2968 ungui-

248 2988 329 3054 culis
363 2993 396 3052 et
418 2988 532 3054 abinde
562 3011 662 3072 usque
686 2990 717 3053 in
750 2989 984 3073 presenciarum
1008 2993 1109 3055 etates
1140 3011 1207 3054 mee
1229 2992 1399 3073 optarunt.

241 3091 361 3158 Verum
385 3094 461 3178 quid
485 3093 517 3158 id
540 3098 598 3172 est,
622 3097 825 3177 preterquam
843 3099 874 3157 et
887 3092 1049 3158 Ouidianis
1072 3097 1104 3156 et
1125 3091 1317 3178 Virgilianis
1342 3114 1396 3157 ac-

243 3199 330 3262 tibus
353 3199 509 3276 insudare,
532 3198 567 3261 in
591 3197 705 3280 quibus
728 3198 851 3281 aliquot
864 3205 990 3282 tempus
1005 3219 1176 3282 parumper
1191 3197 1338 3281 expendi,
1363 3205 1397 3263 et

241 3324 366 3368 necesse
389 3309 446 3383 est,
470 3325 520 3367 me
542 3324 626 3366 nunc
649 3303 689 3366 ab
713 3303 839 3386 incepto
863 3303 998 3384 desilire,
1022 3326 1095 3368 cum
1113 3306 1169 3367 hec
1191 3324 1243 3367 616
1266 3304 1396 3386 poetica

241 3430 314 3473 raro
338 3413 427 3474 extra
443 3408 537 3473 Italic
560 3413 667 3492 partes
690 3407 888 3472 domicilium
904 3408 1030 3487 babeat,
1054 3414 1122 3472 tum
1140 3409 1215 3495 quia
1236 3409 1326 3472 nulla
1341 3431 1396 3472 ars

240 3516 307 3579 sine
328 3521 513 3600 preceptore
547 3513 679 3579 discitur
704 3520 968 3599 preceptoresque
1000 3514 1115 3600 ydonei
1139 3515 1252 3578 nedum
1277 3513 1337 3579 hac
1359 3515 1395 3578 in

240 3625 449 3698 attavorum
473 3627 505 3685 et
528 3623 582 3706 qui
605 3622 741 3685 aliarum
763 3620 966 3686 scientiarum
992 3621 1141 3685 noticiam
1169 3621 1295 3698 babent,
1321 3642 1394 3704 per-

239 3725 304 3787 rari
328 3731 438 3790 nostra
459 3724 576 3810 66610)
601 3727 634 3789 in
657 3727 882 3804 universitate,
914 3730 949 3790 ut
972 3726 1030 3790 heo
1052 3728 1197 3790 carencie
1220 3724 1392 3811 negligen-

240 3830 351 3914 ciaque
380 3831 545 3895 doctorum
573 3831 747 3914 legencium
781 3853 831 3894 me
866 3832 906 3896 ab
935 3831 1084 3895 inchoato
1115 3852 1209 3914 opere
1241 3830 1394 3895 desistere

239 3934 414 4018 compellit.
459 3934 681 4015 Quamobrem,
698 3936 828 4020 egregie
844 3937 970 4000 domiue
985 3937 1105 4012 doctor,
1122 3936 1155 3999 in
1172 3957 1270 4000 mauu
1286 3940 1394 4000 vestra

239 4062 289 4103 me
311 4041 455 4123 desiderij
481 4042 542 4105 mei
566 4045 728 4124 potentem
753 4039 876 4105 efficere
905 4047 1003 4125 atque
1037 4041 1116 4105 mihi
1139 4044 1172 4104 et
1194 4040 1241 4104 rei
1261 4044 1294 4104 et
1319 4061 1392 4122 per·

238 4167 312 4209 sone
335 4147 497 4210 consulere
519 4150 622 4210 totum
647 4167 713 4211 esse
735 4147 884 4226 arbitror,
910 4168 1011 4231 neque
1027 4169 1176 4232 umquam
1202 4145 1332 4230 quidem
1355 4146 1388 4208 in

238 4250 332 4314 aliam
349 4251 500 4334 accipiam
518 4258 652 4335 partem,
676 4271 810 4331 cumea,
835 4274 896 4336 que
919 4257 952 4315 61
974 4251 1125 4316 honorem
1142 4273 1246 4315 meum
1270 4255 1303 4315 et
1325 4251 1389 4314 uti·

309 4446 322 4497 l
343 4443 484 4510 Datirung
503 4443 573 4496 uacb
592 4443 654 4496 dem
675 4441 789 4511 rorigen
804 4385 866 4495 lind
885 4460 927 4498 nr.
946 4443 988 4497 47.
1069 4444 1085 4495 2
1105 4443 1221 4498 Marcus.
1295 4443 1311 4496 3
1330 4439 1387 4495 061.

239 4548 334 4586 nnuma
