<?xml version="1.0" encoding="UTF-8"?>
<!DOCTYPE html PUBLIC "-//W3C//DTD XHTML 1.0 Transitional//EN"
    "http://www.w3.org/TR/xhtml1/DTD/xhtml1-transitional.dtd">
<html xmlns="http://www.w3.org/1999/xhtml" xml:lang="en" lang="en">
 <head>
  <title>
</title>
<meta http-equiv="Content-Type" content="text/html;charset=utf-8" />
  <meta name='ocr-system' content='tesseract 3.04.00' />
  <meta name='ocr-capabilities' content='ocr_page ocr_carea ocr_par ocr_line ocrx_word'/>
</head>
<body>
  <div class='ocr_page' id='page_1' title='image "./hermannschedels00joacgoog_0087.png"; bbox 0 0 3092 5244; ppageno 0'>
   <div class='ocr_carea' id='block_1_1' title="bbox 703 400 743 466">
    <p class='ocr_par' dir='ltr' id='par_1_1' title="bbox 703 400 743 466">
     <span class='ocr_line' id='line_1_1' title="bbox 703 400 743 466; baseline 0 0"><span class='ocrx_word' id='word_1_1' title='bbox 703 400 743 466; x_wconf 81' lang='lat'><strong>71</strong></span> 
     </span>
    </p>
   </div>
   <div class='ocr_carea' id='block_1_2' title="bbox 130 572 1300 2659">
    <p class='ocr_par' dir='ltr' id='par_1_2' title="bbox 130 572 1300 2659">
     <span class='ocr_line' id='line_1_2' title="bbox 133 572 1300 661; baseline 0.004 -27"><span class='ocrx_word' id='word_1_2' title='bbox 133 573 263 656; x_wconf 88' lang='lat' dir='ltr'><strong>scripta</strong></span> <span class='ocrx_word' id='word_1_3' title='bbox 297 572 426 640; x_wconf 78' lang='lat' dir='ltr'><strong>reddere</strong></span> <span class='ocrx_word' id='word_1_4' title='bbox 460 597 550 640; x_wconf 90' lang='lat' dir='ltr'><strong>cures</strong></span> <span class='ocrx_word' id='word_1_5' title='bbox 581 573 672 641; x_wconf 86' lang='lat' dir='ltr'><strong>valde</strong></span> <span class='ocrx_word' id='word_1_6' title='bbox 707 597 792 661; x_wconf 92' lang='lat' dir='ltr'><strong>rogo.</strong></span> <span class='ocrx_word' id='word_1_7' title='bbox 841 575 975 642; x_wconf 87' lang='lat' dir='ltr'><strong>Perraro</strong></span> <span class='ocrx_word' id='word_1_8' title='bbox 998 576 1050 640; x_wconf 93' lang='lat' dir='ltr'><strong>hic</strong></span> <span class='ocrx_word' id='word_1_9' title='bbox 1072 573 1203 652; x_wconf 90' lang='lat' dir='ltr'><strong>saltem,</strong></span> <span class='ocrx_word' id='word_1_10' title='bbox 1239 595 1300 660; x_wconf 89' lang='lat' dir='ltr'><strong>que</strong></span> 
     </span>
     <span class='ocr_line' id='line_1_3' title="bbox 134 675 1298 766; baseline 0.003 -25"><span class='ocrx_word' id='word_1_11' title='bbox 134 675 293 741; x_wconf 90' lang='lat' dir='ltr'><strong>veritatis</strong></span> <span class='ocrx_word' id='word_1_12' title='bbox 316 677 437 763; x_wconf 85' lang='lat' dir='ltr'><strong>aliquid</strong></span> <span class='ocrx_word' id='word_1_13' title='bbox 452 679 486 743; x_wconf 91' lang='lat' dir='ltr'><strong>in</strong></span> <span class='ocrx_word' id='word_1_14' title='bbox 499 699 532 744; x_wconf 89' lang='lat' dir='ltr'><strong>se</strong></span> <span class='ocrx_word' id='word_1_15' title='bbox 546 679 696 760; x_wconf 85' lang='lat' dir='ltr'><strong>habeant,</strong></span> <span class='ocrx_word' id='word_1_16' title='bbox 713 680 883 746; x_wconf 83' lang='lat' dir='ltr'><strong>cercioreri</strong></span> <span class='ocrx_word' id='word_1_17' title='bbox 899 701 988 766; x_wconf 88' lang='lat' dir='ltr'><strong>queo.</strong></span> <span class='ocrx_word' id='word_1_18' title='bbox 1036 678 1175 745; x_wconf 81' lang='lat' dir='ltr'><strong>Mentem</strong></span> <span class='ocrx_word' id='word_1_19' title='bbox 1200 678 1298 744; x_wconf 86' lang='lat' dir='ltr'><strong>eciam</strong></span> 
     </span>
     <span class='ocr_line' id='line_1_4' title="bbox 132 783 1299 871; baseline 0.003 -26"><span class='ocrx_word' id='word_1_20' title='bbox 132 786 248 860; x_wconf 88' lang='lat' dir='ltr'><strong>tuam,</strong></span> <span class='ocrx_word' id='word_1_21' title='bbox 287 804 327 846; x_wconf 89' lang='lat' dir='ltr'><strong>an</strong></span> <span class='ocrx_word' id='word_1_22' title='bbox 350 785 475 868; x_wconf 81' lang='lat' dir='ltr'><strong>regredi</strong></span> <span class='ocrx_word' id='word_1_23' title='bbox 510 784 588 849; x_wconf 89' lang='lat' dir='ltr'><strong>velis</strong></span> <span class='ocrx_word' id='word_1_24' title='bbox 622 785 660 850; x_wconf 87' lang='lat' dir='ltr'><strong>ad</strong></span> <span class='ocrx_word' id='word_1_25' title='bbox 694 785 935 851; x_wconf 85' lang='lat' dir='ltr'><strong>universitatem</strong></span> <span class='ocrx_word' id='word_1_26' title='bbox 961 783 1217 871; x_wconf 82' lang='lat' dir='ltr'><strong>L[ipezensem]¹</strong></span> <span class='ocrx_word' id='word_1_27' title='bbox 1242 789 1299 849; x_wconf 88' lang='lat' dir='ltr'><strong>eut</strong></span> 
     </span>
     <span class='ocr_line' id='line_1_5' title="bbox 130 886 1298 974; baseline 0.002 -23"><span class='ocrx_word' id='word_1_28' title='bbox 130 886 227 966; x_wconf 86' lang='lat' dir='ltr'><strong>alibi,</strong></span> <span class='ocrx_word' id='word_1_29' title='bbox 251 887 411 971; x_wconf 80' lang='lat' dir='ltr'><strong>proximis</strong></span> <span class='ocrx_word' id='word_1_30' title='bbox 434 891 498 954; x_wconf 91' lang='lat' dir='ltr'><strong>tuis</strong></span> <span class='ocrx_word' id='word_1_31' title='bbox 522 891 652 974; x_wconf 92' lang='lat' dir='ltr'><strong>scriptis</strong></span> <span class='ocrx_word' id='word_1_32' title='bbox 682 913 732 956; x_wconf 88' lang='lat' dir='ltr'><strong>me</strong></span> <span class='ocrx_word' id='word_1_33' title='bbox 754 893 877 955; x_wconf 87' lang='lat' dir='ltr'><strong>certum</strong></span> <span class='ocrx_word' id='word_1_34' title='bbox 900 890 1006 955; x_wconf 89' lang='lat' dir='ltr'><strong>redde.</strong></span> <span class='ocrx_word' id='word_1_35' title='bbox 1054 888 1162 954; x_wconf 86' lang='lat' dir='ltr'><strong>Habes</strong></span> <span class='ocrx_word' id='word_1_36' title='bbox 1185 895 1218 952; x_wconf 91' lang='lat' dir='ltr'><strong>et</strong></span> <span class='ocrx_word' id='word_1_37' title='bbox 1239 888 1298 953; x_wconf 90' lang='lat' dir='ltr'><strong>ha·</strong></span> 
     </span>
     <span class='ocr_line' id='line_1_6' title="bbox 131 991 1298 1080; baseline 0.001 -24"><span class='ocrx_word' id='word_1_38' title='bbox 131 991 226 1056; x_wconf 86' lang='lat' dir='ltr'><strong>bebis</strong></span> <span class='ocrx_word' id='word_1_39' title='bbox 250 1013 305 1058; x_wconf 89' lang='lat' dir='ltr'><strong>me</strong></span> <span class='ocrx_word' id='word_1_40' title='bbox 327 1016 366 1058; x_wconf 88' lang='lat' dir='ltr'><strong>ex</strong></span> <span class='ocrx_word' id='word_1_41' title='bbox 397 994 532 1059; x_wconf 84' lang='lat' dir='ltr'><strong>caritate</strong></span> <span class='ocrx_word' id='word_1_42' title='bbox 560 995 696 1080; x_wconf 88' lang='lat' dir='ltr'><strong>quadam</strong></span> <span class='ocrx_word' id='word_1_43' title='bbox 718 995 896 1079; x_wconf 77' lang='lat' dir='ltr'><strong>singulari,</strong></span> <span class='ocrx_word' id='word_1_44' title='bbox 920 1016 1014 1080; x_wconf 86' lang='lat' dir='ltr'><strong>quam</strong></span> <span class='ocrx_word' id='word_1_45' title='bbox 1038 993 1298 1077; x_wconf 66' lang='lat' dir='ltr'><strong>adlegarem</strong></span> 
     </span>
     <span class='ocr_line' id='line_1_7' title="bbox 131 1097 1297 1184; baseline 0 -23"><span class='ocrx_word' id='word_1_46' title='bbox 131 1097 273 1178; x_wconf 85' lang='lat' dir='ltr'><strong>cunctis,</strong></span> <span class='ocrx_word' id='word_1_47' title='bbox 300 1121 361 1184; x_wconf 91' lang='lat' dir='ltr'><strong>que</strong></span> <span class='ocrx_word' id='word_1_48' title='bbox 382 1101 559 1166; x_wconf 88' lang='lat' dir='ltr'><strong>utilitatem</strong></span> <span class='ocrx_word' id='word_1_49' title='bbox 583 1105 671 1166; x_wconf 83' lang='lat' dir='ltr'><strong>tunm</strong></span> <span class='ocrx_word' id='word_1_50' title='bbox 693 1100 916 1184; x_wconf 88' lang='lat' dir='ltr'><strong>prospiciunt,</strong></span> <span class='ocrx_word' id='word_1_51' title='bbox 939 1121 1063 1183; x_wconf 82' lang='lat' dir='ltr'><strong>semper</strong></span> <span class='ocrx_word' id='word_1_52' title='bbox 1085 1099 1297 1163; x_wconf 90' lang='lat' dir='ltr'><strong>observantis·</strong></span> 
     </span>
     <span class='ocr_line' id='line_1_8' title="bbox 130 1201 1296 1288; baseline 0.001 -23"><span class='ocrx_word' id='word_1_53' title='bbox 130 1201 254 1266; x_wconf 89' lang='lat' dir='ltr'><strong>simum</strong></span> <span class='ocrx_word' id='word_1_54' title='bbox 275 1203 420 1284; x_wconf 87' lang='lat' dir='ltr'><strong>consilio,</strong></span> <span class='ocrx_word' id='word_1_55' title='bbox 436 1204 556 1270; x_wconf 87' lang='lat' dir='ltr'><strong>anxilio</strong></span> <span class='ocrx_word' id='word_1_56' title='bbox 572 1205 697 1288; x_wconf 87' lang='lat' dir='ltr'><strong>pariter</strong></span> <span class='ocrx_word' id='word_1_57' title='bbox 713 1210 746 1271; x_wconf 92' lang='lat' dir='ltr'><strong>et</strong></span> <span class='ocrx_word' id='word_1_58' title='bbox 760 1204 880 1271; x_wconf 83' lang='lat' dir='ltr'><strong>favore.</strong></span> <span class='ocrx_word' id='word_1_59' title='bbox 914 1203 1044 1284; x_wconf 88' lang='lat' dir='ltr'><strong>Deinde,</strong></span> <span class='ocrx_word' id='word_1_60' title='bbox 1060 1208 1173 1287; x_wconf 85' lang='lat' dir='ltr'><strong>patrue</strong></span> <span class='ocrx_word' id='word_1_61' title='bbox 1188 1224 1296 1268; x_wconf 88' lang='lat' dir='ltr'><strong>aman-</strong></span> 
     </span>
     <span class='ocr_line' id='line_1_9' title="bbox 134 1307 1297 1396; baseline 0.002 -26"><span class='ocrx_word' id='word_1_62' title='bbox 134 1307 277 1385; x_wconf 86' lang='lat' dir='ltr'><strong>tissime,</strong></span> <span class='ocrx_word' id='word_1_63' title='bbox 301 1331 341 1374; x_wconf 91' lang='lat' dir='ltr'><strong>ue</strong></span> <span class='ocrx_word' id='word_1_64' title='bbox 358 1309 542 1396; x_wconf 86' lang='lat' dir='ltr'><strong>dedigneris</strong></span> <span class='ocrx_word' id='word_1_65' title='bbox 559 1310 665 1390; x_wconf 88' lang='lat' dir='ltr'><strong>velim,</strong></span> <span class='ocrx_word' id='word_1_66' title='bbox 690 1311 772 1395; x_wconf 89' lang='lat' dir='ltr'><strong>quod</strong></span> <span class='ocrx_word' id='word_1_67' title='bbox 790 1309 997 1396; x_wconf 75' lang='lat' dir='ltr'><strong>singulariter</strong></span> <span class='ocrx_word' id='word_1_68' title='bbox 1019 1309 1079 1372; x_wconf 90' lang='lat' dir='ltr'><strong>sim</strong></span> <span class='ocrx_word' id='word_1_69' title='bbox 1095 1312 1127 1373; x_wconf 90' lang='lat' dir='ltr'><strong>te</strong></span> <span class='ocrx_word' id='word_1_70' title='bbox 1142 1307 1297 1372; x_wconf 84' lang='lat' dir='ltr'><strong>allocutus</strong></span> 
     </span>
     <span class='ocr_line' id='line_1_10' title="bbox 131 1411 1294 1500; baseline 0.002 -26"><span class='ocrx_word' id='word_1_71' title='bbox 131 1411 318 1493; x_wconf 88' lang='lat' dir='ltr'><strong>scribendo,</strong></span> <span class='ocrx_word' id='word_1_72' title='bbox 340 1415 417 1499; x_wconf 87' lang='lat' dir='ltr'><strong>quia</strong></span> <span class='ocrx_word' id='word_1_73' title='bbox 439 1417 524 1481; x_wconf 88' lang='lat' dir='ltr'><strong>zelus</strong></span> <span class='ocrx_word' id='word_1_74' title='bbox 549 1416 655 1480; x_wconf 88' lang='lat' dir='ltr'><strong>intimi</strong></span> <span class='ocrx_word' id='word_1_75' title='bbox 681 1416 798 1482; x_wconf 86' lang='lat' dir='ltr'><strong>amoris</strong></span> <span class='ocrx_word' id='word_1_76' title='bbox 821 1415 894 1500; x_wconf 91' lang='lat' dir='ltr'><strong>plus</strong></span> <span class='ocrx_word' id='word_1_77' title='bbox 916 1414 1078 1481; x_wconf 82' lang='lat' dir='ltr'><strong>tibizeudo</strong></span> <span class='ocrx_word' id='word_1_78' title='bbox 1094 1434 1188 1498; x_wconf 86' lang='lat' dir='ltr'><strong>quam</strong></span> <span class='ocrx_word' id='word_1_79' title='bbox 1205 1412 1294 1478; x_wconf 90' lang='lat' dir='ltr'><strong>vobi·</strong></span> 
     </span>
     <span class='ocr_line' id='line_1_11' title="bbox 133 1516 1295 1606; baseline 0.003 -27"><span class='ocrx_word' id='word_1_80' title='bbox 133 1516 239 1582; x_wconf 81' lang='lat' dir='ltr'><strong>nando</strong></span> <span class='ocrx_word' id='word_1_81' title='bbox 265 1520 476 1586; x_wconf 88' lang='lat' dir='ltr'><strong>meoiudicio</strong></span> <span class='ocrx_word' id='word_1_82' title='bbox 499 1521 690 1600; x_wconf 78' lang='lat' dir='ltr'><strong>ostenditur,</strong></span> <span class='ocrx_word' id='word_1_83' title='bbox 715 1521 798 1606; x_wconf 89' lang='lat' dir='ltr'><strong>quod</strong></span> <span class='ocrx_word' id='word_1_84' title='bbox 823 1519 936 1606; x_wconf 87' lang='lat' dir='ltr'><strong>ntique</strong></span> <span class='ocrx_word' id='word_1_85' title='bbox 951 1541 1118 1597; x_wconf 88' lang='lat' dir='ltr'><strong>summum,</strong></span> <span class='ocrx_word' id='word_1_86' title='bbox 1143 1518 1295 1602; x_wconf 87' lang='lat' dir='ltr'><strong>tempori·</strong></span> 
     </span>
     <span class='ocr_line' id='line_1_12' title="bbox 131 1620 1297 1708; baseline 0.002 -24"><span class='ocrx_word' id='word_1_87' title='bbox 131 1620 193 1686; x_wconf 86' lang='lat' dir='ltr'><strong>bue</strong></span> <span class='ocrx_word' id='word_1_88' title='bbox 219 1623 328 1708; x_wconf 88' lang='lat' dir='ltr'><strong>quoad</strong></span> <span class='ocrx_word' id='word_1_89' title='bbox 353 1625 470 1706; x_wconf 86' lang='lat' dir='ltr'><strong>vixero,</strong></span> <span class='ocrx_word' id='word_1_90' title='bbox 493 1627 591 1692; x_wconf 85' lang='lat' dir='ltr'><strong>fixum</strong></span> <span class='ocrx_word' id='word_1_91' title='bbox 615 1626 650 1690; x_wconf 92' lang='lat' dir='ltr'><strong>in</strong></span> <span class='ocrx_word' id='word_1_92' title='bbox 675 1648 725 1691; x_wconf 89' lang='lat' dir='ltr'><strong>me</strong></span> <span class='ocrx_word' id='word_1_93' title='bbox 747 1626 815 1691; x_wconf 89' lang='lat' dir='ltr'><strong>fore</strong></span> <span class='ocrx_word' id='word_1_94' title='bbox 838 1627 925 1692; x_wconf 88' lang='lat' dir='ltr'><strong>scias.</strong></span> <span class='ocrx_word' id='word_1_95' title='bbox 973 1625 1105 1690; x_wconf 89' lang='lat' dir='ltr'><strong>Demum</strong></span> <span class='ocrx_word' id='word_1_96' title='bbox 1131 1629 1163 1688; x_wconf 89' lang='lat' dir='ltr'><strong>te</strong></span> <span class='ocrx_word' id='word_1_97' title='bbox 1184 1623 1297 1689; x_wconf 87' lang='lat' dir='ltr'><strong>hortor</strong></span> 
     </span>
     <span class='ocr_line' id='line_1_13' title="bbox 132 1727 1297 1813; baseline 0.002 -23"><span class='ocrx_word' id='word_1_98' title='bbox 132 1727 304 1809; x_wconf 75' lang='lat' dir='ltr'><strong>fraterne,</strong></span> <span class='ocrx_word' id='word_1_99' title='bbox 339 1735 376 1794; x_wconf 91' lang='lat' dir='ltr'><strong>ut</strong></span> <span class='ocrx_word' id='word_1_100' title='bbox 402 1731 508 1796; x_wconf 90' lang='lat' dir='ltr'><strong>studio</strong></span> <span class='ocrx_word' id='word_1_101' title='bbox 538 1731 692 1796; x_wconf 80' lang='lat' dir='ltr'><strong>laudabili</strong></span> <span class='ocrx_word' id='word_1_102' title='bbox 716 1735 748 1795; x_wconf 92' lang='lat' dir='ltr'><strong>te</strong></span> <span class='ocrx_word' id='word_1_103' title='bbox 771 1730 914 1810; x_wconf 86' lang='lat' dir='ltr'><strong>dedices,</strong></span> <span class='ocrx_word' id='word_1_104' title='bbox 947 1731 1022 1795; x_wconf 91' lang='lat' dir='ltr'><strong>dnm</strong></span> <span class='ocrx_word' id='word_1_105' title='bbox 1053 1735 1180 1813; x_wconf 86' lang='lat' dir='ltr'><strong>tempus</strong></span> <span class='ocrx_word' id='word_1_106' title='bbox 1203 1728 1242 1793; x_wconf 88' lang='lat' dir='ltr'><strong>ad</strong></span> <span class='ocrx_word' id='word_1_107' title='bbox 1265 1727 1297 1792; x_wconf 91' lang='lat' dir='ltr'><strong>id</strong></span> 
     </span>
     <span class='ocr_line' id='line_1_14' title="bbox 135 1831 1294 1919; baseline 0.004 -24"><span class='ocrx_word' id='word_1_108' title='bbox 135 1831 311 1919; x_wconf 87' lang='lat' dir='ltr'><strong>ociumqne</strong></span> <span class='ocrx_word' id='word_1_109' title='bbox 334 1835 437 1914; x_wconf 88' lang='lat' dir='ltr'><strong>datur,</strong></span> <span class='ocrx_word' id='word_1_110' title='bbox 461 1840 493 1900; x_wconf 88' lang='lat' dir='ltr'><strong>et</strong></span> <span class='ocrx_word' id='word_1_111' title='bbox 515 1839 686 1915; x_wconf 86' lang='lat' dir='ltr'><strong>memento,</strong></span> <span class='ocrx_word' id='word_1_112' title='bbox 709 1835 847 1900; x_wconf 88' lang='lat' dir='ltr'><strong>hominis</strong></span> <span class='ocrx_word' id='word_1_113' title='bbox 871 1857 963 1901; x_wconf 89' lang='lat' dir='ltr'><strong>evum</strong></span> <span class='ocrx_word' id='word_1_114' title='bbox 987 1840 1019 1900; x_wconf 88' lang='lat' dir='ltr'><strong>et</strong></span> <span class='ocrx_word' id='word_1_115' title='bbox 1042 1839 1294 1900; x_wconf 80' lang='lat' dir='ltr'><strong>momentaneam</strong></span> 
     </span>
     <span class='ocr_line' id='line_1_15' title="bbox 133 1939 1294 2020; baseline 0 -16"><span class='ocrx_word' id='word_1_116' title='bbox 133 1939 250 2020; x_wconf 79' lang='lat' dir='ltr'><strong>pocius</strong></span> <span class='ocrx_word' id='word_1_117' title='bbox 273 1941 373 2006; x_wconf 87' lang='lat' dir='ltr'><strong>vitam</strong></span> <span class='ocrx_word' id='word_1_118' title='bbox 396 1943 429 2006; x_wconf 90' lang='lat' dir='ltr'><strong>in</strong></span> <span class='ocrx_word' id='word_1_119' title='bbox 454 1965 598 2008; x_wconf 88' lang='lat' dir='ltr'><strong>rosarum</strong></span> <span class='ocrx_word' id='word_1_120' title='bbox 621 1964 741 2008; x_wconf 88' lang='lat' dir='ltr'><strong>morem</strong></span> <span class='ocrx_word' id='word_1_121' title='bbox 765 1942 890 2008; x_wconf 80' lang='lat' dir='ltr'><strong>evolare</strong></span> <span class='ocrx_word' id='word_1_122' title='bbox 923 1945 956 2006; x_wconf 93' lang='lat' dir='ltr'><strong>et</strong></span> <span class='ocrx_word' id='word_1_123' title='bbox 978 1961 1177 2006; x_wconf 85' lang='lat' dir='ltr'><strong>marcescere.</strong></span> <span class='ocrx_word' id='word_1_124' title='bbox 1216 1940 1294 2004; x_wconf 90' lang='lat' dir='ltr'><strong>Pro·</strong></span> 
     </span>
     <span class='ocr_line' id='line_1_16' title="bbox 133 2042 1292 2131; baseline 0.005 -26"><span class='ocrx_word' id='word_1_125' title='bbox 133 2042 209 2109; x_wconf 88' lang='lat' dir='ltr'><strong>inde</strong></span> <span class='ocrx_word' id='word_1_126' title='bbox 232 2045 362 2130; x_wconf 87' lang='lat' dir='ltr'><strong>collige,</strong></span> <span class='ocrx_word' id='word_1_127' title='bbox 385 2046 460 2112; x_wconf 89' lang='lat' dir='ltr'><strong>dnm</strong></span> <span class='ocrx_word' id='word_1_128' title='bbox 484 2053 583 2131; x_wconf 90' lang='lat' dir='ltr'><strong>potes.</strong></span> <span class='ocrx_word' id='word_1_129' title='bbox 630 2047 849 2114; x_wconf 83' lang='lat' dir='ltr'><strong>Salutacioues</strong></span> <span class='ocrx_word' id='word_1_130' title='bbox 876 2069 961 2113; x_wconf 89' lang='lat' dir='ltr'><strong>meas</strong></span> <span class='ocrx_word' id='word_1_131' title='bbox 984 2051 1100 2131; x_wconf 89' lang='lat' dir='ltr'><strong>patruo</strong></span> <span class='ocrx_word' id='word_1_132' title='bbox 1124 2050 1235 2111; x_wconf 91' lang='lat' dir='ltr'><strong>nostro</strong></span> <span class='ocrx_word' id='word_1_133' title='bbox 1251 2044 1292 2111; x_wconf 90' lang='lat' dir='ltr'><strong>N.</strong></span> 
     </span>
     <span class='ocr_line' id='line_1_17' title="bbox 136 2151 1295 2239; baseline 0.003 -28"><span class='ocrx_word' id='word_1_134' title='bbox 136 2153 278 2214; x_wconf 88' lang='lat' dir='ltr'><strong>nnnooia</strong></span> <span class='ocrx_word' id='word_1_135' title='bbox 300 2155 333 2214; x_wconf 90' lang='lat' dir='ltr'><strong>et</strong></span> <span class='ocrx_word' id='word_1_136' title='bbox 355 2151 447 2216; x_wconf 83' lang='lat' dir='ltr'><strong>fratri</strong></span> <span class='ocrx_word' id='word_1_137' title='bbox 471 2151 563 2219; x_wconf 78' lang='lat' dir='ltr'><strong>tno⁹.</strong></span> <span class='ocrx_word' id='word_1_138' title='bbox 610 2153 766 2232; x_wconf 74' lang='lat' dir='ltr'><strong>Plncemt,</strong></span> <span class='ocrx_word' id='word_1_139' title='bbox 791 2159 828 2219; x_wconf 93' lang='lat' dir='ltr'><strong>ut</strong></span> <span class='ocrx_word' id='word_1_140' title='bbox 843 2175 970 2239; x_wconf 88' lang='lat' dir='ltr'><strong>operam</strong></span> <span class='ocrx_word' id='word_1_141' title='bbox 988 2153 1025 2217; x_wconf 92' lang='lat' dir='ltr'><strong>ad</strong></span> <span class='ocrx_word' id='word_1_142' title='bbox 1049 2152 1109 2216; x_wconf 90' lang='lat' dir='ltr'><strong>hoc</strong></span> <span class='ocrx_word' id='word_1_143' title='bbox 1132 2151 1232 2231; x_wconf 86' lang='lat' dir='ltr'><strong>dares,</strong></span> <span class='ocrx_word' id='word_1_144' title='bbox 1255 2173 1295 2215; x_wconf 92' lang='lat' dir='ltr'><strong>ne</strong></span> 
     </span>
     <span class='ocr_line' id='line_1_18' title="bbox 132 2251 1292 2341; baseline 0.004 -25"><span class='ocrx_word' id='word_1_145' title='bbox 132 2251 237 2320; x_wconf 84' lang='lat' dir='ltr'><strong>irater</strong></span> <span class='ocrx_word' id='word_1_146' title='bbox 260 2257 336 2319; x_wconf 85' lang='lat' dir='ltr'><strong>tuus</strong></span> <span class='ocrx_word' id='word_1_147' title='bbox 353 2253 392 2319; x_wconf 90' lang='lat' dir='ltr'><strong>N.</strong></span> <span class='ocrx_word' id='word_1_148' title='bbox 417 2258 455 2321; x_wconf 93' lang='lat' dir='ltr'><strong>de</strong></span> <span class='ocrx_word' id='word_1_149' title='bbox 478 2255 529 2322; x_wconf 80' lang='lat' dir='ltr'><strong>c.⁸</strong></span> <span class='ocrx_word' id='word_1_150' title='bbox 553 2257 723 2336; x_wconf 77' lang='lat' dir='ltr'><strong>recederet,</strong></span> <span class='ocrx_word' id='word_1_151' title='bbox 745 2259 797 2324; x_wconf 82' lang='lat' dir='ltr'><strong>sed</strong></span> <span class='ocrx_word' id='word_1_152' title='bbox 821 2258 860 2324; x_wconf 91' lang='lat' dir='ltr'><strong>ad</strong></span> <span class='ocrx_word' id='word_1_153' title='bbox 883 2264 1009 2341; x_wconf 87' lang='lat' dir='ltr'><strong>tempus</strong></span> <span class='ocrx_word' id='word_1_154' title='bbox 1033 2256 1136 2321; x_wconf 87' lang='lat' dir='ltr'><strong>adhuc</strong></span> <span class='ocrx_word' id='word_1_155' title='bbox 1161 2255 1292 2341; x_wconf 85' lang='lat' dir='ltr'><strong>aliquod</strong></span> 
     </span>
     <span class='ocr_line' id='line_1_19' title="bbox 134 2356 1294 2449; baseline 0.004 -29"><span class='ocrx_word' id='word_1_156' title='bbox 134 2356 181 2421; x_wconf 88' lang='lat' dir='ltr'><strong>ibi</strong></span> <span class='ocrx_word' id='word_1_157' title='bbox 203 2363 317 2424; x_wconf 85' lang='lat' dir='ltr'><strong>staret.</strong></span> <span class='ocrx_word' id='word_1_158' title='bbox 369 2359 494 2442; x_wconf 81' lang='lat' dir='ltr'><strong>Nescio,</strong></span> <span class='ocrx_word' id='word_1_159' title='bbox 528 2365 603 2449; x_wconf 88' lang='lat' dir='ltr'><strong>quid</strong></span> <span class='ocrx_word' id='word_1_160' title='bbox 627 2386 685 2429; x_wconf 87' lang='lat' dir='ltr'><strong>sua</strong></span> <span class='ocrx_word' id='word_1_161' title='bbox 707 2366 871 2448; x_wconf 85' lang='lat' dir='ltr'><strong>presencia</strong></span> <span class='ocrx_word' id='word_1_162' title='bbox 893 2367 926 2429; x_wconf 92' lang='lat' dir='ltr'><strong>in</strong></span> <span class='ocrx_word' id='word_1_163' title='bbox 950 2362 1200 2449; x_wconf 86' lang='lat' dir='ltr'><strong>N[nremberga]</strong></span> <span class='ocrx_word' id='word_1_164' title='bbox 1232 2361 1294 2425; x_wconf 93' lang='lat' dir='ltr'><strong>im-</strong></span> 
     </span>
     <span class='ocr_line' id='line_1_20' title="bbox 134 2467 1293 2554; baseline 0.001 -25"><span class='ocrx_word' id='word_1_165' title='bbox 134 2467 293 2546; x_wconf 87' lang='lat' dir='ltr'><strong>portaret,</strong></span> <span class='ocrx_word' id='word_1_166' title='bbox 306 2487 426 2546; x_wconf 87' lang='lat' dir='ltr'><strong>vereor,</strong></span> <span class='ocrx_word' id='word_1_167' title='bbox 439 2491 480 2534; x_wconf 89' lang='lat' dir='ltr'><strong>ne</strong></span> <span class='ocrx_word' id='word_1_168' title='bbox 495 2471 647 2535; x_wconf 85' lang='lat' dir='ltr'><strong>maiorem</strong></span> <span class='ocrx_word' id='word_1_169' title='bbox 659 2476 787 2554; x_wconf 87' lang='lat' dir='ltr'><strong>pareret</strong></span> <span class='ocrx_word' id='word_1_170' title='bbox 801 2471 902 2554; x_wconf 87' lang='lat' dir='ltr'><strong>ipsius</strong></span> <span class='ocrx_word' id='word_1_171' title='bbox 917 2469 1185 2534; x_wconf 87' lang='lat' dir='ltr'><strong>anichilacionem</strong></span> <span class='ocrx_word' id='word_1_172' title='bbox 1198 2488 1293 2552; x_wconf 89' lang='lat' dir='ltr'><strong>qnam</strong></span> 
     </span>
     <span class='ocr_line' id='line_1_21' title="bbox 137 2568 1292 2659; baseline 0.004 -27"><span class='ocrx_word' id='word_1_173' title='bbox 137 2568 326 2636; x_wconf 89' lang='lat' dir='ltr'><strong>utilitatem.</strong></span> <span class='ocrx_word' id='word_1_174' title='bbox 373 2571 454 2638; x_wconf 83' lang='lat' dir='ltr'><strong>Vale</strong></span> <span class='ocrx_word' id='word_1_175' title='bbox 478 2575 510 2638; x_wconf 91' lang='lat' dir='ltr'><strong>in</strong></span> <span class='ocrx_word' id='word_1_176' title='bbox 534 2572 663 2640; x_wconf 85' lang='lat' dir='ltr'><strong>Christo</strong></span> <span class='ocrx_word' id='word_1_177' title='bbox 685 2575 834 2653; x_wconf 78' lang='lat' dir='ltr'><strong>feliciter,</strong></span> <span class='ocrx_word' id='word_1_178' title='bbox 858 2578 972 2659; x_wconf 88' lang='lat' dir='ltr'><strong>patrue</strong></span> <span class='ocrx_word' id='word_1_179' title='bbox 995 2575 1038 2638; x_wconf 92' lang='lat' dir='ltr'><strong>mi</strong></span> <span class='ocrx_word' id='word_1_180' title='bbox 1064 2573 1292 2638; x_wconf 86' lang='lat' dir='ltr'><strong>amantissime.</strong></span> 
     </span>
    </p>
   </div>
   <div class='ocr_carea' id='block_1_3' title="bbox 134 2672 1291 2955">
    <p class='ocr_par' dir='ltr' id='par_1_3' title="bbox 134 2672 1291 2955">
     <span class='ocr_line' id='line_1_22' title="bbox 136 2672 1291 2765; baseline 0.003 -26"><span class='ocrx_word' id='word_1_181' title='bbox 136 2672 184 2738; x_wconf 81' lang='lat' dir='ltr'><strong>Ex</strong></span> <span class='ocrx_word' id='word_1_182' title='bbox 200 2675 377 2764; x_wconf 89' lang='lat' dir='ltr'><strong>A[ngusta]</strong></span> <span class='ocrx_word' id='word_1_183' title='bbox 401 2680 478 2743; x_wconf 85' lang='lat' dir='ltr'><strong>satis</strong></span> <span class='ocrx_word' id='word_1_184' title='bbox 495 2680 614 2765; x_wconf 88' lang='lat' dir='ltr'><strong>raptim</strong></span> <span class='ocrx_word' id='word_1_185' title='bbox 637 2685 769 2765; x_wconf 89' lang='lat' dir='ltr'><strong>propter</strong></span> <span class='ocrx_word' id='word_1_186' title='bbox 792 2680 1015 2764; x_wconf 90' lang='lat' dir='ltr'><strong>inoppinatum</strong></span> <span class='ocrx_word' id='word_1_187' title='bbox 1038 2679 1163 2763; x_wconf 89' lang='lat' dir='ltr'><strong>nunccij</strong></span> <span class='ocrx_word' id='word_1_188' title='bbox 1190 2700 1291 2744; x_wconf 88' lang='lat' dir='ltr'><strong>reces-</strong></span> 
     </span>
     <span class='ocr_line' id='line_1_23' title="bbox 134 2782 994 2871; baseline 0.009 -29"><span class='ocrx_word' id='word_1_189' title='bbox 134 2799 206 2846; x_wconf 87' lang='lat' dir='ltr'><strong>sum</strong></span> <span class='ocrx_word' id='word_1_190' title='bbox 229 2782 314 2847; x_wconf 86' lang='lat' dir='ltr'><strong>feria</strong></span> <span class='ocrx_word' id='word_1_191' title='bbox 329 2785 364 2847; x_wconf 86' lang='lat'><strong>2·</strong></span> <span class='ocrx_word' id='word_1_192' title='bbox 387 2788 462 2866; x_wconf 89' lang='lat' dir='ltr'><strong>post</strong></span> <span class='ocrx_word' id='word_1_193' title='bbox 484 2784 673 2852; x_wconf 88' lang='lat' dir='ltr'><strong>dominicam</strong></span> <span class='ocrx_word' id='word_1_194' title='bbox 698 2786 994 2871; x_wconf 88' lang='lat' dir='ltr'><strong>quasimodogeuiti.</strong></span> 
     </span>
     <span class='ocr_line' id='line_1_24' title="bbox 226 2885 677 2955; baseline 0.007 -5"><span class='ocrx_word' id='word_1_195' title='bbox 226 2885 316 2952; x_wconf 77' lang='lat' dir='ltr'><strong>Tuus</strong></span> <span class='ocrx_word' id='word_1_196' title='bbox 338 2888 554 2955; x_wconf 87' lang='lat' dir='ltr'><strong>deditissimus</strong></span> <span class='ocrx_word' id='word_1_197' title='bbox 572 2940 580 2954; x_wconf 92' lang='lat'><strong>.</strong></span> <span class='ocrx_word' id='word_1_198' title='bbox 598 2940 605 2955; x_wconf 89' lang='lat'><strong>.</strong></span> <span class='ocrx_word' id='word_1_199' title='bbox 623 2940 651 2955; x_wconf 92' lang='lat'><strong>..</strong></span> <span class='ocrx_word' id='word_1_200' title='bbox 670 2941 677 2953; x_wconf 90' lang='lat'><strong><em>.</em></strong></span> 
     </span>
    </p>
   </div>
   <div class='ocr_carea' id='block_1_4' title="bbox 619 3082 821 3090">
    <p class='ocr_par' dir='ltr' id='par_1_4' title="bbox 619 3082 821 3090">
     <span class='ocr_line' id='line_1_25' title="bbox 619 3082 821 3090; baseline 0.005 -1"><span class='ocrx_word' id='word_1_201' title='bbox 619 3082 821 3090; x_wconf 54' lang='lat' dir='ltr'><strong>——ffl</strong></span> 
     </span>
    </p>
   </div>
   <div class='ocr_carea' id='block_1_5' title="bbox 688 3209 748 3280">
    <p class='ocr_par' dir='ltr' id='par_1_5' title="bbox 688 3209 748 3280">
     <span class='ocr_line' id='line_1_26' title="bbox 688 3209 748 3280; baseline 0.017 -1"><span class='ocrx_word' id='word_1_202' title='bbox 688 3209 748 3280; x_wconf 82' lang='lat'><strong>32.</strong></span> 
     </span>
    </p>
   </div>
   <div class='ocr_carea' id='block_1_6' title="bbox 138 3345 1290 3680">
    <p class='ocr_par' dir='ltr' id='par_1_6' title="bbox 138 3345 1290 3680">
     <span class='ocr_line' id='line_1_27' title="bbox 138 3345 1290 3442; baseline 0.003 -24"><span class='ocrx_word' id='word_1_203' title='bbox 138 3345 316 3421; x_wconf 86' lang='lat' dir='ltr'><strong>Valentin</strong></span> <span class='ocrx_word' id='word_1_204' title='bbox 345 3348 442 3421; x_wconf 83' lang='lat' dir='ltr'><strong>Eber</strong></span> <span class='ocrx_word' id='word_1_205' title='bbox 463 3372 512 3420; x_wconf 86' lang='lat' dir='ltr'><strong>an</strong></span> <span class='ocrx_word' id='word_1_206' title='bbox 528 3346 741 3442; x_wconf 85' lang='lat' dir='ltr'><strong>Sigismund</strong></span> <span class='ocrx_word' id='word_1_207' title='bbox 764 3347 1015 3422; x_wconf 81' lang='lat' dir='ltr'><strong>Gossembrot.</strong></span> <span class='ocrx_word' id='word_1_208' title='bbox 1051 3348 1160 3421; x_wconf 90' lang='lat' dir='ltr'><strong>Wien</strong></span> <span class='ocrx_word' id='word_1_209' title='bbox 1194 3349 1290 3422; x_wconf 87' lang='grc'><strong>1460</strong></span> 
     </span>
     <span class='ocr_line' id='line_1_28' title="bbox 625 3471 808 3565; baseline -0.005 -22"><span class='ocrx_word' id='word_1_210' title='bbox 625 3472 720 3565; x_wconf 88' lang='lat' dir='ltr'><strong>april</strong></span> <span class='ocrx_word' id='word_1_211' title='bbox 749 3471 808 3542; x_wconf 83' lang='grc'><strong>20.</strong></span> 
     </span>
     <span class='ocr_line' id='line_1_29' title="bbox 331 3623 1090 3680; baseline 0 -2"><span class='ocrx_word' id='word_1_212' title='bbox 331 3625 396 3679; x_wconf 90' lang='lat' dir='ltr'><strong>clm.</strong></span> <span class='ocrx_word' id='word_1_213' title='bbox 415 3625 466 3680; x_wconf 82' lang='lat'><strong>504</strong></span> <span class='ocrx_word' id='word_1_214' title='bbox 485 3627 504 3680; x_wconf 88' lang='lat' dir='ltr'><strong>f.</strong></span> <span class='ocrx_word' id='word_1_215' title='bbox 524 3625 583 3680; x_wconf 83' lang='lat'>400.</span> <span class='ocrx_word' id='word_1_216' title='bbox 605 3625 751 3680; x_wconf 79' lang='lat' dir='ltr'><strong>Abschrift</strong></span> <span class='ocrx_word' id='word_1_217' title='bbox 770 3625 931 3679; x_wconf 85' lang='lat' dir='ltr'><strong>Hartmann</strong></span> <span class='ocrx_word' id='word_1_218' title='bbox 950 3623 1090 3680; x_wconf 82' lang='lat' dir='ltr'><strong>Schedels.</strong></span> 
     </span>
    </p>
   </div>
   <div class='ocr_carea' id='block_1_7' title="bbox 138 3745 1290 3933">
    <p class='ocr_par' dir='ltr' id='par_1_7' title="bbox 138 3745 1290 3933">
     <span class='ocr_line' id='line_1_30' title="bbox 138 3745 1290 3834; baseline 0.002 -24"><span class='ocrx_word' id='word_1_219' title='bbox 138 3745 387 3834; x_wconf 85' lang='lat' dir='ltr'><strong>Ablehnuug</strong></span> <span class='ocrx_word' id='word_1_220' title='bbox 419 3750 532 3814; x_wconf 90' lang='lat' dir='ltr'><strong>einer</strong></span> <span class='ocrx_word' id='word_1_221' title='bbox 554 3749 712 3814; x_wconf 86' lang='lat' dir='ltr'><strong>littera</strong></span> <span class='ocrx_word' id='word_1_222' title='bbox 746 3750 959 3814; x_wconf 83' lang='lat' dir='ltr'><strong>invectiva</strong></span> <span class='ocrx_word' id='word_1_223' title='bbox 989 3749 1290 3815; x_wconf 81' lang='lat' dir='ltr'><strong>Gossenrbrots.</strong></span> 
     </span>
     <span class='ocr_line' id='line_1_31' title="bbox 296 3853 1132 3933; baseline 0.002 -15"><span class='ocrx_word' id='word_1_224' title='bbox 296 3853 552 3921; x_wconf 86' lang='lat' dir='ltr'><strong>Politische</strong></span> <span class='ocrx_word' id='word_1_225' title='bbox 575 3854 879 3933; x_wconf 87' lang='lat' dir='ltr'><strong>nachrichten,</strong></span> <span class='ocrx_word' id='word_1_226' title='bbox 904 3855 977 3920; x_wconf 89' lang='lat' dir='ltr'><strong>wie</strong></span> <span class='ocrx_word' id='word_1_227' title='bbox 1001 3877 1054 3919; x_wconf 89' lang='lat' dir='ltr'><strong>nr.</strong></span> <span class='ocrx_word' id='word_1_228' title='bbox 1080 3855 1132 3920; x_wconf 86' lang='grc'><strong>30.</strong></span> 
     </span>
    </p>
   </div>
   <div class='ocr_carea' id='block_1_8' title="bbox 228 3995 1291 4080">
    <p class='ocr_par' dir='ltr' id='par_1_8' title="bbox 228 3995 1291 4080">
     <span class='ocr_line' id='line_1_32' title="bbox 228 3995 1291 4080; baseline 0.001 -21"><span class='ocrx_word' id='word_1_229' title='bbox 228 3995 550 4061; x_wconf 88' lang='lat' dir='ltr'><strong>Reoomnrendacione</strong></span> <span class='ocrx_word' id='word_1_230' title='bbox 583 3998 739 4080; x_wconf 89' lang='lat' dir='ltr'><strong>premissa</strong></span> <span class='ocrx_word' id='word_1_231' title='bbox 770 4019 803 4062; x_wconf 89' lang='lat' dir='ltr'><strong>se</strong></span> <span class='ocrx_word' id='word_1_232' title='bbox 835 4002 939 4062; x_wconf 88' lang='lat' dir='ltr'><strong>tntum</strong></span> <span class='ocrx_word' id='word_1_233' title='bbox 973 3998 1011 4062; x_wconf 85' lang='lat' dir='ltr'><strong>ad</strong></span> <span class='ocrx_word' id='word_1_234' title='bbox 1046 4002 1119 4063; x_wconf 83' lang='lat' dir='ltr'><strong>vota</strong></span> <span class='ocrx_word' id='word_1_235' title='bbox 1152 3996 1291 4080; x_wconf 89' lang='lat' dir='ltr'><strong>plurima</strong></span> 
     </span>
    </p>
   </div>
   <div class='ocr_carea' id='block_1_9' title="bbox 138 4098 1290 4534">
    <p class='ocr_par' dir='ltr' id='par_1_9' title="bbox 138 4098 1290 4246">
     <span class='ocr_line' id='line_1_33' title="bbox 138 4098 1290 4185; baseline 0.003 -22"><span class='ocrx_word' id='word_1_236' title='bbox 138 4118 207 4164; x_wconf 90' lang='lat' dir='ltr'><strong>cum</strong></span> <span class='ocrx_word' id='word_1_237' title='bbox 240 4099 352 4166; x_wconf 88' lang='lat' dir='ltr'><strong>salute.</strong></span> <span class='ocrx_word' id='word_1_238' title='bbox 407 4098 615 4166; x_wconf 86' lang='lat' dir='ltr'><strong>Ornatissime</strong></span> <span class='ocrx_word' id='word_1_239' title='bbox 647 4103 717 4181; x_wconf 87' lang='lat' dir='ltr'><strong>vir,</strong></span> <span class='ocrx_word' id='word_1_240' title='bbox 749 4103 905 4185; x_wconf 87' lang='lat' dir='ltr'><strong>superiori</strong></span> <span class='ocrx_word' id='word_1_241' title='bbox 937 4103 987 4166; x_wconf 90' lang='lat' dir='ltr'><strong>die</strong></span> <span class='ocrx_word' id='word_1_242' title='bbox 1017 4101 1189 4185; x_wconf 89' lang='lat' dir='ltr'><strong>epistulam</strong></span> <span class='ocrx_word' id='word_1_243' title='bbox 1211 4101 1290 4166; x_wconf 85' lang='lat' dir='ltr'><strong>milri</strong></span> 
     </span>
     <span class='ocr_line' id='line_1_34' title="bbox 705 4207 723 4246; baseline 0 0"><span class='ocrx_word' id='word_1_244' title='bbox 705 4207 723 4246; x_wconf 65' lang='lat' dir='ltr'><strong>a</strong></span> 
     </span>
    </p>

    <p class='ocr_par' dir='ltr' id='par_1_10' title="bbox 209 4291 1289 4363">
     <span class='ocr_line' id='line_1_35' title="bbox 209 4291 1289 4363; baseline -0.002 -15"><span class='ocrx_word' id='word_1_245' title='bbox 209 4295 222 4348; x_wconf 93' lang='lat'>1</span> <span class='ocrx_word' id='word_1_246' title='bbox 242 4291 403 4347; x_wconf 81' lang='lat' dir='ltr'><strong>Hartmann</strong></span> <span class='ocrx_word' id='word_1_247' title='bbox 425 4292 546 4348; x_wconf 82' lang='lat' dir='ltr'><strong>befindet</strong></span> <span class='ocrx_word' id='word_1_248' title='bbox 563 4292 622 4348; x_wconf 89' lang='lat' dir='ltr'><strong>sich</strong></span> <span class='ocrx_word' id='word_1_249' title='bbox 639 4293 832 4363; x_wconf 80' lang='lat' dir='ltr'><strong>inNdrnberg</strong></span> <span class='ocrx_word' id='word_1_250' title='bbox 850 4312 870 4348; x_wconf 86' lang='lat' dir='ltr'><strong>s.</strong></span> <span class='ocrx_word' id='word_1_251' title='bbox 890 4295 916 4348; x_wconf 90' lang='lat' dir='ltr'><strong>d.</strong></span> <span class='ocrx_word' id='word_1_252' title='bbox 930 4292 999 4347; x_wconf 89' lang='lat' dir='ltr'><strong>eben</strong></span> <span class='ocrx_word' id='word_1_253' title='bbox 1018 4291 1128 4346; x_wconf 90' lang='lat' dir='ltr'><strong>citierte</strong></span> <span class='ocrx_word' id='word_1_254' title='bbox 1142 4291 1223 4347; x_wconf 89' lang='lat' dir='ltr'><strong>stelle</strong></span> <span class='ocrx_word' id='word_1_255' title='bbox 1244 4291 1289 4346; x_wconf 88' lang='lat' dir='ltr'><strong>bei</strong></span> 
     </span>
    </p>

    <p class='ocr_par' dir='ltr' id='par_1_11' title="bbox 140 4377 1290 4451">
     <span class='ocr_line' id='line_1_36' title="bbox 140 4377 1290 4451; baseline 0.001 -19"><span class='ocrx_word' id='word_1_256' title='bbox 140 4378 337 4436; x_wconf 82' lang='lat' dir='ltr'><strong>Wettenbach.</strong></span> <span class='ocrx_word' id='word_1_257' title='bbox 420 4381 437 4434; x_wconf 82' lang='lat'><strong>2</strong></span> <span class='ocrx_word' id='word_1_258' title='bbox 456 4382 565 4436; x_wconf 86' lang='lat' dir='ltr'><strong>Marcus</strong></span> <span class='ocrx_word' id='word_1_259' title='bbox 583 4381 641 4436; x_wconf 86' lang='lat' dir='ltr'><strong>und</strong></span> <span class='ocrx_word' id='word_1_260' title='bbox 661 4381 805 4451; x_wconf 80' lang='lat' dir='ltr'><strong>Georgius.</strong></span> <span class='ocrx_word' id='word_1_261' title='bbox 904 4377 1068 4442; x_wconf 81' lang='lat' dir='ltr'><strong>3Venezia,</strong></span> <span class='ocrx_word' id='word_1_262' title='bbox 1086 4395 1129 4434; x_wconf 83' lang='lat' dir='ltr'><strong>vro</strong></span> <span class='ocrx_word' id='word_1_263' title='bbox 1147 4378 1290 4434; x_wconf 80' lang='lat' dir='ltr'><strong>lohannes</strong></span> 
     </span>
    </p>

    <p class='ocr_par' dir='ltr' id='par_1_12' title="bbox 140 4465 1288 4534">
     <span class='ocr_line' id='line_1_37' title="bbox 140 4465 1288 4534; baseline 0.001 -13"><span class='ocrx_word' id='word_1_264' title='bbox 140 4468 190 4524; x_wconf 85' lang='lat' dir='ltr'><strong>seit</strong></span> <span class='ocrx_word' id='word_1_265' title='bbox 208 4471 231 4524; x_wconf 86' lang='grc'><strong>0.</strong></span> <span class='ocrx_word' id='word_1_266' title='bbox 252 4473 328 4524; x_wconf 76' lang='lat' dir='ltr'><strong>rutra</strong></span> <span class='ocrx_word' id='word_1_267' title='bbox 349 4468 416 4523; x_wconf 79' lang='lat'>1459</span> <span class='ocrx_word' id='word_1_268' title='bbox 435 4467 523 4532; x_wconf 86' lang='lat' dir='ltr'><strong>weilt‚</strong></span> <span class='ocrx_word' id='word_1_269' title='bbox 542 4485 561 4520; x_wconf 93' lang='lat'><em>.</em></span> <span class='ocrx_word' id='word_1_270' title='bbox 572 4467 765 4526; x_wconf 81' lang='lat' dir='ltr'><strong>wattenbach</strong></span> <span class='ocrx_word' id='word_1_271' title='bbox 785 4469 803 4524; x_wconf 85' lang='lat'><strong>1.</strong></span> <span class='ocrx_word' id='word_1_272' title='bbox 823 4486 846 4523; x_wconf 90' lang='lat' dir='ltr'><strong>c.</strong></span> <span class='ocrx_word' id='word_1_273' title='bbox 865 4467 917 4522; x_wconf 76' lang='lat'><strong>352</strong></span> <span class='ocrx_word' id='word_1_274' title='bbox 937 4465 993 4522; x_wconf 91' lang='lat' dir='ltr'><strong>und</strong></span> <span class='ocrx_word' id='word_1_275' title='bbox 1014 4482 1085 4534; x_wconf 82' lang='lat' dir='ltr'><strong>ogm.</strong></span> <span class='ocrx_word' id='word_1_276' title='bbox 1105 4465 1156 4520; x_wconf 77' lang='grc'><strong>400</strong></span> <span class='ocrx_word' id='word_1_277' title='bbox 1175 4466 1195 4524; x_wconf 76' lang='lat' dir='ltr'><strong>f.</strong></span> <span class='ocrx_word' id='word_1_278' title='bbox 1214 4465 1288 4522; x_wconf 62' lang='lat' dir='ltr'><strong>ecch.</strong></span> 
     </span>
    </p>
   </div>
   <div class='ocr_carea' id='block_1_10' title="bbox 0 0 1550 5244">
    <p class='ocr_par' dir='ltr' id='par_1_13' title="bbox 0 0 1550 5244">
     <span class='ocr_line' id='line_1_38' title="bbox 0 0 1550 5244; baseline 0 0"><span class='ocrx_word' id='word_1_279' title='bbox 0 0 1550 5244; x_wconf 95' lang='lat' dir='ltr'><strong> </strong></span> 
     </span>
    </p>
   </div>
  </div>
 </body>
</html>
