3106 5246
800 441 864 504 206

251 619 392 684 studium
415 621 529 684 nedum
551 618 705 684 honorem
729 617 794 681 rite
816 639 853 681 aa
875 617 1013 682 nominis
1035 614 1256 680 celebritatem
1280 617 1313 677 te
1338 633 1405 676 esse

252 730 464 804 consecutum,
486 746 595 788 rerum
620 729 653 788 et
676 723 884 807 dignitatem,
917 744 1013 806 quam
1035 721 1166 805 pacifice
1187 725 1221 784 te
1242 718 1405 802 possidere

252 829 292 894 ab
315 829 386 912 alijs
401 827 571 913 intelligo¹
589 876 701 894 .....
720 826 825 890 Habes
842 826 1137 890 reverendissimum
1157 828 1280 907 patrem
1299 843 1335 885 ac
1351 820 1404 884 do-

252 933 373 997 miuum
390 934 419 999 d.
431 931 614 1018 Jo[annem]
628 933 758 998 ecclesie
772 931 982 1016 Eystettensis
993 931 1152 1015 presulem
1169 927 1403 1011 dignissimum,

252 1040 341 1103 ouius
355 1039 477 1104 imitari
493 1039 695 1123 diligenciam
709 1043 740 1103 et
757 1039 973 1102 assiduitatem
990 1038 1093 1116 debes,
1116 1036 1219 1120 quite
1236 1035 1268 1098 in
1292 1031 1403 1115 cogni·

252 1144 341 1208 cione
362 1166 471 1208 earum
494 1166 610 1221 rerum,
634 1166 695 1228 que
717 1144 876 1208 advitam
900 1148 931 1208 et
952 1163 1055 1207 mores
1079 1141 1256 1224 pertinent,
1279 1158 1340 1220 qne
1363 1137 1406 1199 ab

253 1250 465 1315 ornatissimis
488 1251 565 1314 viris
584 1251 655 1314 ideo
677 1249 886 1313 humanitatis
918 1249 1023 1312 studia
1044 1246 1202 1330 appellari
1225 1245 1402 1320 censentur,

254 1355 329 1439 quia
363 1354 524 1420 hominem
548 1358 703 1419 exornant
725 1357 757 1418 et
779 1354 930 1438 precipue
953 1355 986 1417 iu
1009 1353 1093 1434 hijs,
1122 1371 1184 1435 qus
1211 1350 1249 1413 ad
1272 1349 1405 1411 iustitu-

253 1459 374 1525 tionem
397 1461 471 1539 vite,
494 1459 589 1524 decus
612 1464 644 1524 et
667 1460 792 1524 landem
808 1461 969 1544 pertinere
984 1460 1132 1525 videntur
1148 1456 1170 1522 ².
1187 1505 1194 1520 .
1214 1505 1220 1518 .
1239 1505 1245 1520 .
1264 1453 1407 1536 llxcepto

253 1565 283 1629 d.
306 1564 519 1650 Eystettensi,
553 1565 608 1649 qui
641 1564 821 1648 complures
852 1565 962 1630 doctos
992 1565 1078 1629 viros
1107 1562 1146 1627 ad
1174 1583 1206 1624 sa
1229 1559 1405 1643 conquirit,

253 1668 361 1734 nullos
383 1671 433 1733 vel
457 1691 573 1753 paucos
589 1670 731 1753 presules
747 1669 781 1732 in
797 1667 988 1733 Alamannia
1004 1668 1170 1752 reperires,
1194 1666 1251 1750 qui
1273 1662 1326 1729 vel
1340 1664 1407 1728 sint

254 1774 363 1858 aliqua
378 1774 505 1839 liberali
521 1775 690 1858 disciplina
705 1775 820 1839 imbuti
834 1774 885 1838 rel
901 1794 963 1854 eos,
987 1775 1021 1838 in
1040 1773 1156 1858 quibus
1171 1772 1229 1836 illa
1251 1770 1403 1852 rige(n)t,

253 1879 362 1964 aliquo
386 1879 504 1944 bonore
527 1879 709 1964 dignentur.
757 1880 867 1965 Atque
881 1881 940 1945 hec
964 1880 1091 1964 quidem
1115 1900 1209 1944 causa
1232 1881 1281 1942 est
1303 1875 1407 1959 potis-

253 1985 342 2065 sima,
365 2005 421 2049 eur
435 1985 536 2050 multa
551 2007 697 2068 perverse
715 2009 734 2051 a
749 1985 948 2071 principibus
963 1990 1112 2069 agantur,
1136 2006 1208 2049 cum
1225 2002 1328 2066 neque
1343 1979 1410 2062 ipsi

253 2090 408 2173 sapientie
433 2092 561 2155 studere
593 2090 693 2155 velint
725 2113 826 2175 neque
857 2091 967 2156 colunt
985 2090 1020 2175 (!)
1053 2089 1209 2172 sapientie
1237 2086 1407 2151 studiosos.

254 2193 464 2268 Quamobrem
488 2197 609 2278 gaudeo
631 2197 845 2280 ipsemecum,
869 2197 929 2261 tibi
953 2217 1027 2261 varo
1050 2195 1215 2279 gratulor,
1239 2191 1294 2274 qni
1317 2194 1407 2254 tuam

255 2298 498 2364 adolescentiam
510 2323 574 2365 non
587 2303 729 2386 corporis
744 2302 902 2366 illecebris
913 2306 970 2366 aut
984 2300 1144 2384 voluptati
1154 2297 1247 2384 (aut),
1261 2301 1296 2361 ut
1313 2295 1411 2360 multi

255 2404 449 2481 mortalium,
475 2406 626 2471 dedicasti
649 2412 698 2471 sel
712 2407 826 2489 studijs
842 2412 875 2471 et
891 2407 1045 2484 doctrine,
1068 2427 1130 2490 que
1145 2404 1295 2488 quoniam
1306 2401 1346 2466 ad
1360 2401 1408 2464 vi·

254 2517 319 2576 tam
339 2513 416 2576 bene
439 2513 605 2597 agendam,
631 2515 688 2578 boe
715 2517 763 2577 est
778 2514 985 2578 adrirtutem
1001 2517 1033 2577 et
1050 2513 1250 2577 honestatem
1273 2507 1410 2572 maxime

254 2619 432 2682 conferunt.
476 2617 645 2683 Persevera
667 2619 780 2702 igitur,
803 2624 839 2683 ut
862 2620 993 2702 cepisti,
1018 2623 1050 2682 et
1072 2621 1210 2682 mentem
1235 2635 1348 2678 revoca
1371 2613 1411 2676 ad

256 2746 300 2802 ea,
324 2744 385 2807 que
409 2729 441 2787 tc
465 2723 623 2788 excelsum
640 2730 673 2789 et
688 2725 868 2809 preclarum
885 2729 1019 2808 possunt
1035 2723 1175 2800 reddere,
1202 2741 1337 2804 sequens
1352 2741 1409 2782 ve·

254 2828 352 2912 stigio
377 2850 495 2909 eorum,
522 2831 579 2914 qui
613 2830 739 2915 legendi
772 2854 878 2896 curam
916 2853 986 2896 enm
1009 2829 1150 2913 negocijs
1180 2828 1413 2909 coniungentes

254 2933 336 2996 vicio
359 2937 392 2997 et
415 2935 617 3018 turpitudine
639 2942 820 3004 caruerunt.
1413 2938 1422 2953 ‘

792 3289 876 3362 101.

256 3425 450 3500 Hermann
474 3427 628 3502 Schedel
655 3453 705 3502 en
734 3430 841 3503 einen
870 3431 1148 3504 unbekannten.
1193 3426 1408 3520 Augsburg.

547 3584 610 3639 clm.
629 3585 681 3639 224
700 3584 720 3639 f.
738 3586 790 3640 253
810 3584 928 3654 eiulage.
966 3582 1115 3656 Conceptl.

257 3706 519 3792 Erinnerung
542 3731 590 3772 an
607 3709 777 3774 friihere
800 3704 1410 3792 lasciveliebesgescbiohten.

345 3844 447 3911 Salus.
492 3845 700 3913 Ornatissime
724 3850 774 3913 vir
790 3855 1020 3933 preceptorqne
1042 3848 1228 3912 venerande.
1273 3845 1311 3910 ln
1328 3845 1412 3908 hanc

262 3956 295 4014 te
319 3954 430 4016 urbem
455 3952 610 4018 Veneris⁴
643 3955 766 4020 salvum
787 3956 918 4039 redijsse
940 3955 1033 4020 hodie
1055 3952 1212 4018 relacione
1234 3950 1335 4036 Syber
1357 3971 1411 4013 ao·

819 4081 836 4120 *

328 4164 339 4214 1
362 4161 435 4215 Gebt
461 4162 696 4231 mdglioherweise
722 4163 775 4218 auf
795 4161 844 4217 die
870 4162 1030 4231 erlangung
1051 4161 1099 4216 der
1124 4159 1248 4229 propstei
1275 4156 1412 4228 (erfolgte

256 4248 328 4302 nach
348 4248 537 4303 freundlicher
557 4249 722 4319 mitteilung
740 4249 788 4304 des
807 4250 892 4303 herrn
911 4249 981 4317 prof.
994 4247 1123 4302 Schlecht
1141 4248 1171 4302 in
1185 4247 1328 4301 aichstutt
1346 4244 1412 4299 swi-

256 4335 339 4389 sehen
361 4337 599 4402 14581168),ἀῆ
622 4337 737 4392 Sebedel
756 4337 890 4392 Wilhelm
917 4337 947 4390 in
973 4336 1028 4391 den
1053 4338 1145 4390 ersten
1164 4335 1271 4390 briefen
1298 4331 1411 4388 einfach

257 4424 411 4488 canonicus,
429 4429 487 4480 erst
505 4426 565 4482 hier
584 4427 641 4480 und
660 4426 732 4482 oben
752 4443 793 4480 nr.
812 4425 848 4480 38
866 4424 1040 4494 praepositus
1059 4423 1183 4479 anredet.
1238 4425 1256 4478 2
1275 4423 1328 4477 Der
1347 4423 1411 4475 sata

257 4511 293 4565 ist
312 4514 504 4570 unvollendet.
576 4516 593 4569 3
613 4514 746 4570 l'rr'iherer
764 4515 888 4569 entwnrf
903 4515 922 4571 f.
942 4514 1002 4568 359.
1072 4516 1089 4568 4
1107 4513 1172 4582 Vgl.
1190 4511 1262 4568 oben
1278 4528 1320 4571 nr.
1341 4519 1366 4574 7.
