3092 5244
669 456 711 519 97

662 703 723 778 47.

116 854 315 926 Hermann
343 852 495 927 Schedel
532 875 581 924 an
608 851 823 924 Hartmann
852 849 1019 926 Schedel.
1075 853 1276 948 Augsburg

546 973 679 1071 [1463]
700 972 781 1066 jan.
811 973 844 1049 2.

456 1131 540 1212 5155.
559 1129 611 1184 224
629 1128 649 1184 f.
668 1129 727 1186 213.
764 1127 886 1198 concept
898 1129 916 1186 ¹.

116 1253 445 1322 Ausfdhrliche
467 1255 702 1338 darlegung
725 1255 879 1318 seiner
899 1255 1086 1321 ansicht
1107 1277 1181 1322 ron
1205 1257 1276 1322 der

116 1359 270 1444 poesie.
318 1356 463 1437 Hofft,
487 1358 577 1423 dass
601 1358 670 1424 die
692 1357 1072 1424 humanistischen
1106 1359 1275 1426 studien

260 1462 366 1528 5555
390 1463 430 1526 15
455 1461 746 1528 Deutschland
771 1462 930 1528 bidhen
957 1465 1131 1529 werden.

206 1620 246 1686 Se
268 1625 373 1685 totum
397 1620 536 1704 plurima
558 1641 630 1685 cum
647 1620 759 1684 salute.
806 1618 925 1685 Patrue
940 1621 1146 1685 suavissime!
1179 1619 1274 1686 Binas

116 1734 189 1792 tuas
206 1725 331 1810 suscepi
347 1725 468 1805 literas,
492 1747 553 1810 que
567 1727 685 1791 mirum
701 1725 735 1788 in
753 1725 881 1790 modum
901 1747 951 1789 me
967 1725 1179 1807 oblectarunt,
1202 1747 1273 1791 cum

83 1845 88 1862 ·
118 1831 283 1915 quianon
305 1828 412 1895 minus
436 1829 553 1895 amoris
575 1828 669 1914 plone
696 1831 810 1894 summi
836 1850 912 1915 erga
935 1852 984 1895 me
1007 1832 1074 1909 tui,
1108 1853 1204 1916 quam
1227 1831 1274 1896 di·

116 1934 294 2001 sertissime
326 1935 394 2000 vise
416 1940 510 2016 sunt,
541 1941 609 2000 tum
633 1935 734 2000 eciam
757 1956 821 2019 quo
844 1955 896 2000 eas
913 1936 947 1999 in
963 1935 1029 2000 dies
1044 1937 1215 2021 prospicio,
1239 1957 1275 2001 eo

118 2039 201 2104 mihi
224 2041 342 2105 caritas
365 2045 422 2106 tua
444 2040 630 2126 ingenijque
652 2040 834 2106 fecunditas
857 2039 1026 2106 dilucidior
1049 2040 1087 2104 fit
1102 2046 1134 2105 et
1149 2039 1275 2107 clarior.

117 2143 180 2210 Sed
205 2145 290 2229 quod
305 2150 373 2209 tam
388 2145 485 2229 longo
500 2145 668 2210 intervallo
685 2145 793 2210 551158
808 2145 847 2209 ad
862 2150 895 2210 55
918 2144 1061 2211 miserim
1076 2146 1196 2222 literas,
1220 2147 1275 2210 ad·

118 2249 254 2314 miracio
277 2249 367 2313 nulle
391 2253 557 2329 tetemet,
581 2270 643 2313 nou
668 2247 754 2313 enim
770 2248 931 2314 oblivione
954 2251 1085 2334 pietatis
1111 2271 1179 2316 mee
1201 2272 1278 2336 erga

117 2359 151 2419 te
175 2376 280 2438 neque
307 2354 405 2419 ullius
430 2355 663 2419 intermissione
679 2354 797 2420 amoris
813 2355 884 2435 feei,
907 2360 956 2420 set
973 2357 1127 2421 maximus
1142 2378 1276 2441 oocupa-

118 2459 246 2524 cionum
276 2457 439 2536 cumulus,
467 2459 584 2544 quibus
606 2459 738 2524 cottidie
771 2460 959 2525 catervatim
980 2461 1164 2544 opprimor,
1188 2460 1276 2538 facit,

120 2565 165 2629 ita
188 2565 302 2629 utrix
325 2564 496 2649 aliquando
531 2565 687 2649 respirare
712 2564 820 2643 valeo,
853 2565 912 2631 hoo
946 2566 1116 2650 presertim
1139 2566 1172 2629 in
1195 2571 1276 2630 tem-

120 2691 213 2752 pore,
247 2691 309 2754 quo
339 2675 442 2733 metus
473 2670 657 2735 detestande
690 2670 788 2753 pestis
818 2670 962 2734 homiues
990 2669 1158 2747 concussit,
1181 2690 1276 2752 quam

121 2775 224 2859 magis
239 2796 324 2839 5555
339 2796 477 2854 execror,
502 2797 598 2860 quam
614 2775 830 2840 detestandam
846 2774 1078 2840 involucionem
1096 2773 1275 2858 principum

120 2884 152 2944 et
175 2880 345 2944 civitatum
367 2881 453 2945 inter
476 2902 509 2945 se
533 2881 730 2963 preteritum,
755 2879 907 2964 quonium
922 2901 986 2944 non
1002 2878 1095 2944 modo
1112 2878 1276 2943 civitatum

120 2986 328 3070 locorumque
351 2985 562 3069 plurImorum
580 2983 725 3048 fortunas
741 2987 774 3047 et
795 2983 932 3048 salutem
948 2981 1156 3048 incommodis
1172 2982 1278 3048 affecit

691 3117 710 3152 «Ι

191 3214 205 3265 1
227 3211 371 3266 Idehrfech
390 3209 528 3279 oorrIgirt,
547 3210 576 3263 in
587 3208 679 3263 dieser
696 3207 771 3264 form
782 3208 870 3264 kaum
883 3209 1051 3279 abgcsandt.
1084 3211 1214 3267 Antwort
1227 3210 1281 3266 auf

122 3320 162 3354 nr.
184 3303 220 3354 44
239 3300 296 3353 und
314 3301 357 3354 45.
394 3299 534 3368 Concepte
550 3315 583 3351 55
602 3299 679 3352 siuet
698 3299 822 3353 antwort
841 3297 953 3352 eninr.
973 3299 1007 3350 44
1026 3297 1112 3353 sileio
1132 3299 1231 3353 stehen
1248 3297 1277 3352 in

119 3403 235 3442 unserer
254 3385 430 3441 handschrift
448 3387 575 3442 1553195
595 3384 653 3438 und
673 3386 694 3442 f.
707 3389 740 3440 55
752 3386 864 3454 cinlage
882 3385 967 3456 (Inar
988 3385 1098 3442 »Litore
1115 3389 1164 3442 tue
1178 3384 1279 3442 XVIII.

120 3474 165 3530 die
185 3472 288 3528 mensis
307 3473 426 3530 octobris
445 3475 641 3543 presentatee),
661 3472 706 3526 sin
719 3472 822 3527 drittes
836 3489 890 3528 von
904 3472 998 3528 diesen
1013 3473 1093 3527 starlr
1107 3473 1278 3528 obweiohen-

120 3561 169 3617 (158
180 3560 251 3616 ibid.
258 3561 276 3614 I.
284 3562 318 3616 28
327 3558 439 3630 cinlcge
449 3562 515 3630 (155.
526 3580 532 3616 :
547 3559 814 3616 ›LIteretueXXIIL
823 3559 868 3615 dIe
880 3560 1001 3615 octobris
1011 3559 1080 3614 mihi
1090 3563 1278 3630 presentato«,

120 3649 165 3703 die
180 3648 244 3702 zahl
257 3647 382 3704 offenbar
402 3649 613 3716 versohriebeu).
642 3647 697 3703 Der
710 3648 805 3704 155515
818 3647 866 3702 (188
878 3647 1014 3702 Ietzteren
1028 3647 1066 3702 ist
1084 3649 1278 3719 grosstenteils

121 3736 251 3790 wortlich
270 3735 300 3790 in
319 3735 369 3790 das
388 3735 470 3804 obige
490 3737 709 3806 ubergegcngen
725 3735 837 3806 (dritter
852 3735 996 3791 abschnitt
1014 3735 1102 3791 dieses
1120 3737 1277 3807 obdrucks).

122 3856 153 3864 -
175 3823 473 3880 HartmananchedeI
501 3823 599 3894 bringt
623 3824 653 3877 in
681 3824 777 3879 seincn
797 3824 971 3879 abschriIten
1000 3824 1025 3891 1)
1044 3823 1099 3878 den
1117 3828 1208 3880 ersten
1229 3824 1278 3880 ab·

120 3911 228 3968 85155155
253 3909 302 3966 (158
320 3911 423 3981 obigen
450 3911 507 3966 1585
525 3911 653 3966 wortliuh
681 3912 724 3965 als
743 3911 914 3968 besonderen
943 3910 1277 3976 5515151555185260,

121 4003 148 4068 2)
166 3999 222 4054 den
242 3999 328 4052 2.-4.
347 3997 492 4054 5585155155
510 3997 674 4054 formelhcft
693 3999 843 4056 verandsrt
862 3999 905 4054 518
918 3999 1170 4055 Recommendcho
1188 3999 1277 4068 poesis

121 4090 151 4142 in
170 4084 335 4142 51554661.
353 4085 419 4140 21151
438 4086 466 4150 I..
483 4084 513 4140 in
531 4085 622 4140 ihrem
635 4085 742 4142 letzten
759 4087 809 4141 teil
822 4085 1006 4154 (5585551554
1019 4087 1107 4142 (115858
1126 4086 1278 4154 abdruoks)

122 4175 174 4229 mit
193 4175 257 4230 dem
276 4172 364 4228 noch
382 4171 487 4228 nicht
504 4171 670 4242 corrigirten
689 4175 751 4228 text
763 4189 874 4228 unseres
894 4177 1023 4244 concepto
1041 4173 1193 4229 stimmend
1220 4177 1278 4243 (ge-

122 4262 265 4318 sohrieben
285 4278 377 4317 »anno
389 4263 441 4317 855.
464 4259 575 4327 Lx1110,
588 4260 649 4315 VII.
672 4261 734 4317 idus
754 4259 892 4332 murcIjr),
912 4263 940 4332 3)
959 4261 1013 4317 den
1032 4264 1125 4318 ersten
1144 4264 1277 4317 saturon

122 4349 266 4406 obschnitt
284 4349 301 4403 2
321 4348 379 4404 und
397 4347 458 4404 eine
487 4348 598 4404 weitere
621 4350 799 4419 'cusfdhrung
826 4367 881 4405 von
900 4349 1082 4404 cbechnitt5
1107 4348 1210 4418 obigen
1229 4349 1278 4403 ab·

123 4436 223 4493 drucks
242 4437 284 4492 als
303 4435 476 4494 besondercn
488 4436 567 4500 brIeI,
586 4436 636 4494 der
650 4438 710 4493 8155
725 4437 825 4508 jedoch
838 4438 923 4493 sehon
942 4436 1031 4492 durch
1048 4436 1093 4491 die
1105 4433 1199 4506 einaig
1218 4436 1278 4492 hier

124 4524 253 4594 fehlende
271 4523 454 4594 grussiormel
473 4523 515 4578 sis
534 4523 679 4593 fragment
697 4523 919 4589 charakterisIrt,
937 4522 966 4577 in
985 4524 1048 4580 olm.
1067 4523 1151 4580 4181.
1169 4524 1249 4582 2551.

175 4627 281 4672 nuncu.
1052 4613 1066 4666 7
