3106 5246
672 447 740 512 153

215 630 457 715 consequenter
479 623 605 688 subdis:
633 621 710 688 »Nil
733 622 856 686 dulcius
881 625 937 686 aut
953 622 1126 688 iocundius
1141 625 1277 712 solidi(!)

128 735 250 801 bomini
274 731 442 820 prospicio,
478 749 572 813 quern
604 727 698 793 deum
721 727 856 812 diligere
890 732 976 792 etse
1008 731 1189 814 mancipare
1212 731 1280 796 eius

127 840 288 924 serricijs«
314 845 373 906 etc.
419 831 557 912 Verum,
582 833 683 898 frater
705 832 876 912 carissime,
899 831 1079 914 diligendus
1111 841 1159 900 est
1192 858 1278 900 sum-

127 945 224 1029 mc(!)
248 946 335 1022 deus,
360 941 436 1028 quia
458 940 560 1004 bouus
583 941 649 1017 cet,
671 959 778 1023 ymmo
801 937 926 1002 infinite
948 938 1049 1003 bouus
1072 944 1122 1004 est
1143 945 1177 1005 et
1199 942 1279 1020 ideo,

127 1051 154 1114 si
177 1051 271 1115 uobis
289 1053 371 1115 esset
387 1044 548 1130 possibile,
565 1043 690 1108 infinito
711 1065 730 1108 a
750 1042 842 1107 nobis
857 1042 1036 1128 diligendus
1052 1050 1143 1126 esset,
1167 1052 1199 1110 et
1215 1067 1278 1111 non

13 1155 14 1204 ἒ
126 1159 231 1239 potest
253 1175 320 1219 esse
343 1171 497 1228 excessus,
519 1148 571 1213 sed
588 1151 708 1233 quanto
741 1148 815 1232 plus
837 1147 984 1232 diligitur
1005 1148 1091 1228 deus,
1115 1155 1206 1216 tento
1229 1152 1277 1216 di-

13 1269 14 1304 ἓ
126 1260 222 1326 lectio
245 1262 293 1324 est
317 1255 438 1322 melior.
486 1254 552 1334 Est,
572 1255 713 1339 inquam,
738 1254 928 1339 diligendus,
952 1257 1028 1341 quie
1053 1256 1142 1340 prior
1166 1257 1279 1323 dilexit

13 1429 14 1452 ᾗ
127 1386 183 1430 nos
215 1368 249 1428 et
281 1363 354 1447 plus
386 1383 484 1447 quam
514 1381 571 1425 nos
601 1359 664 1444 ipsi
695 1359 866 1446 diligamus
889 1382 969 1427 nos.
988 1411 995 1426 .
1012 1413 1019 1428 .
1037 1410 1045 1427 .
1065 1361 1120 1428 sss
1143 1363 1279 1450 denique

12 1521 13 1546 ,
127 1467 318 1553 diligendus,
341 1465 417 1551 quia
432 1469 533 1550 pater,
550 1469 684 1545 creator,
700 1466 898 1550 gubernator
914 1471 947 1531 et
964 1467 1147 1550 redemptor
1161 1475 1278 1534 noster.

127 1573 197 1639 Hoc
219 1573 336 1638 clamat
359 1572 411 1636 lex
433 1592 523 1650 nove,
551 1574 722 1636 attestetur
753 1575 785 1636 et
809 1570 951 1654 antique,
974 1573 1145 1638 concordet
1167 1579 1200 1639 et
1222 1595 1278 1658 pe·

126 1682 241 1765 ganisa
256 1725 413 1746 .......
431 1673 466 1763 [1.
481 1675 560 1758 274]
575 1675 695 1740 Deinde
710 1675 888 1759 subiungis,
907 1676 987 1741 bone
1000 1675 1193 1757 Hermanno,
1210 1679 1281 1758 bec,

125 1808 187 1872 que
200 1787 379 1870 sequuntur
393 1781 512 1847 verba:
542 1779 656 1858 eludi,
672 1801 796 1863 precor,
813 1780 888 1865 quid
905 1779 1092 1847 Francisous
1106 1781 1280 1849 Petrarcha

125 1891 163 1956 da
179 1889 389 1973 incomposite
401 1886 437 1973 (ἱ)
454 1887 519 1951 vite
534 1886 774 1969 perseverancia
788 1884 910 1963 scribit,
927 1886 965 1951 ds
980 1887 1082 1966 malis,
1099 1909 1159 1973 que
1176 1888 1209 1952 in
1226 1911 1278 1953 nr·

125 1996 220 2062 bibus
235 1996 328 2073 fiunt,
344 2015 406 2077 que
422 2013 472 2056 mc
488 1996 520 2055 et
538 1996 570 2055 ta
586 2011 623 2055 ac
638 1990 815 2076 quemlibet
833 1991 941 2056 eodem
963 1993 1157 2078 aspirantem
1172 1994 1280 2060 auimo

124 2102 166 2166 ab
196 2100 292 2165 huius
325 2097 434 2163 mundi
463 2095 660 2161 vanitatibus
690 2096 805 2160 merito
835 2096 1073 2177 retraherent,‹
1107 2103 1140 2164 et
1173 2099 1280 2164 inira:

126 2203 236 2270 »Rure
258 2203 370 2269 habita
392 2207 472 2268 etc«
492 2201 513 2264 ¹.
562 2198 675 2264 Frater
698 2200 754 2280 mi,
778 2200 879 2278 volve,
901 2199 1044 2281 revolve,
1068 2201 1149 2286 gira,
1174 2203 1280 2286 regire

124 2313 163 2376 de
186 2310 319 2394 pedibus
341 2309 380 2374 ad
403 2308 567 2385 verticem,
594 2306 767 2370 daventre
788 2306 827 2370 ad
843 2306 971 2370 dorsum
995 2309 1027 2369 et
1050 2327 1205 2390 nusquam
1230 2307 1279 2371 in-

12 2475 13 2480 ,
124 2416 232 2480 venies
255 2415 407 2498 requiem,
430 2413 529 2477 donec
554 2411 695 2476 invenies
708 2409 872 2476 Christum
888 2410 979 2475 iuxta
1002 2409 1083 2474 illud
1105 2410 1278 2495 Augustini

11 2511 12 2524 ³
125 2521 296 2606 dyalectici
319 2517 520 2583 subtilissimi
543 2518 575 2582 in
599 2517 831 2582 confessionum
848 2515 959 2580 libris:
986 2514 1151 2595 ellandus,
1174 2516 1278 2582 fecisti

125 2643 191 2691 nos
207 2649 226 2690 a
241 2631 284 2702 te,
307 2625 378 2689 ideo
394 2623 572 2707 inquietum
597 2625 644 2688 est
666 2644 720 2687 eor
743 2624 898 2698 nostrum,
925 2620 1023 2685 donec
1045 2621 1221 2705 requiescat
1244 2623 1277 2687 in

124 2737 177 2797 tec
205 2735 238 2796 et
261 2728 427 2813 psalmista
449 2730 600 2794 verbum:
642 2727 830 2807 ›Seciabor,
864 2749 933 2791 oum
963 2727 1149 2810 apperuerit
1173 2729 1277 2812 gloria

123 2843 200 2901 tua«
219 2834 242 2902 ².
289 2832 410 2898 Verum
427 2833 591 2899 Jobenncs
614 2831 668 2896 ille
692 2831 854 2915 baptista,
883 2831 1004 2895 domini
1027 2853 1121 2915 preco
1151 2837 1184 2897 et
1198 2854 1279 2917 pon-

123 2941 220 3006 tilicis
241 2939 328 3004 filius
351 2961 407 3004 nec
432 2937 543 3004 matris
573 2934 689 3000 affectu
721 2957 778 3000 nec
820 2935 922 3020 patris
944 2936 1059 3019 opibus
1082 2936 1280 3017 vincebatur,

125 3051 162 3111 ut
185 3045 220 3109 in
238 3045 330 3110 domo
346 3065 417 3109 cum
433 3042 575 3129 periculo
592 3041 711 3106 viveret
729 3040 897 3106 castitatis.
945 3039 1086 3107 Vivebat
1100 3042 1134 3106 in
1150 3041 1280 3108 heremo

125 3171 202 3216 usus
222 3150 294 3215 cibo
317 3149 512 3233 parcissimo.
558 3145 611 3211 Sic
643 3144 746 3212 fecere
769 3145 878 3229 plures
903 3146 1004 3212 eciem
1030 3147 1156 3231 antiqui
1181 3152 1279 3214 tesia·

11 3285 13 3308 r
125 3256 227 3320 menti
251 3259 359 3340 patres
382 3254 600 3332 attendentes,
638 3252 720 3337 quod
744 3251 819 3317 talis
843 3249 983 3316 efficitur
1006 3251 1111 3334 homo,
1136 3254 1279 3338 qualium

124 3361 279 3426 societate
302 3360 432 3439 fruitur,
456 3360 540 3423 unde
561 3358 760 3423 beatissimus
782 3357 838 3422 ille
857 3356 1040 3422 Jeronimus
1062 3359 1150 3425 inter
1173 3367 1279 3443 patres

126 3465 404 3550 eloquentissimus
443 3463 537 3529 dicit:
591 3461 686 3526 »Plus
723 3484 817 3546 quam
843 3463 1027 3546 inpossibile
1059 3469 1148 3546 puio,
1176 3464 1278 3529 virum

126 3571 253 3641 diucius
276 3571 310 3633 in
333 3570 425 3635 bonis
440 3589 626 3653 permanere
642 3567 802 3650 operibus,
826 3566 881 3650 qui
902 3567 1061 3632 melorum
1078 3568 1203 3632 assidua
1226 3589 1276 3633 so-

11 3709 12 3714 *
129 3676 247 3740 cietate
271 3675 385 3755 utitur,
406 3695 479 3740 cum
501 3677 631 3738 sanctus
653 3671 820 3756 psalmista
842 3671 1013 3738 vociferat:
1038 3671 1136 3737 »Cum
1160 3675 1279 3739 sanctis

126 3784 256 3846 sanctus
279 3781 341 3844 eris
363 3784 441 3844 etc<
478 3777 563 3858 Ideo,
591 3778 646 3862 qui
669 3777 787 3842 bonam
809 3776 992 3842 societatem
1016 3777 1152 3856 invenit,
1179 3777 1279 3843 vitam

127 3885 253 3951 invenit
275 3888 308 3948 et
330 3884 454 3968 diricijs
477 3883 592 3950 affluit.
646 3881 748 3948 Verso
775 3881 927 3946 mantello
959 3903 1023 3947 non
1051 3888 1099 3947 est
1121 3884 1279 3967 optimum

128 3993 162 4056 in
198 4011 273 4054 rure
296 4011 351 4056 seu
382 3989 511 4058 heremo
538 3989 701 4069 habitere,
734 3989 808 4073 quie
832 3988 864 4052 in
892 3987 1113 4054 Ecclesiastico
1145 3989 1280 4072 legimus

130 4119 156 4162 c.
174 4096 243 4180 iiij:
266 4095 333 4160 ›Ve
356 4096 425 4176 soli,
451 4096 526 4181 quie
550 4116 621 4160 cum
637 4094 824 4172 oecsderint,
846 4115 908 4158 non
926 4092 1046 4158 habent
1060 4094 1279 4160 sublevantem

127 4222 193 4267 sec.
240 4199 385 4287 Denique
409 4201 441 4265 iu
469 4200 598 4265 Matheo
621 4223 646 4266 c.
674 4201 696 4264 4
724 4199 865 4282 legitur,
898 4197 1059 4264 Christum
1094 4200 1129 4262 in
1153 4200 1277 4265 deserto

127 4310 331 4391 temptatum.
371 4304 444 4371 Ideo
467 4306 608 4390 undique
630 4306 723 4383 bella,
747 4305 847 4370 eciem
861 4305 894 4368 in
911 4303 1001 4369 cella.
1019 4301 1055 4386 [f.
1080 4301 1170 4391 surb]
1188 4302 1269 4379 Quid

692 4437 711 4472 s

199 4524 213 4578 1
233 4524 290 4576 Ans
309 4521 371 4578 dem
392 4522 596 4578 Petraroacitat
614 4523 685 4579 oben
703 4539 722 4574 s.
745 4521 815 4576 137¹.
887 4520 1017 4578 2Psalm
1038 4521 1077 4586 16,
1100 4522 1139 4578 15.
