3092 5244
683 475 724 541 75

682 719 703 791 3
735 776 742 792 .

129 840 322 912 Hermann
361 838 513 912 Schedel
555 863 603 912 an
631 723 843 914 Hariimann
879 843 1043 916 Schedel.
1089 842 1288 934 Augsburg

552 961 685 1060 [1460]
710 963 782 1058 juli
812 965 873 1038 22.

394 1116 457 1170 clm,
476 1116 528 1172 418
546 1116 566 1170 f.
585 1116 645 1172 263.
683 1117 825 1172 Abschrift
844 1117 1025 1173 Hartmanns.

130 1237 357 1305 'Wtinscht
397 1261 476 1306 von
515 1243 675 1307 seinen
714 1241 1124 1327 zukunftspltinen
1161 1243 1286 1307 nach·

130 1343 262 1409 richt.
309 1325 643 1430 Ubersendung
674 1347 789 1411 eines
811 1352 1043 1432 grdaseren
1068 1347 1288 1412 biretturn.

217 1480 260 1546 N.
288 1481 464 1566 Bamberge
485 1484 623 1568 degenti.
671 1483 801 1550 Sincera
817 1486 952 1551 caritate
978 1488 1142 1571 premisse.
1190 1487 1289 1552 Venei

131 1586 240 1652 rabilis
263 1586 405 1675 p[atrue]
430 1589 655 1654 colendirsime.
701 1589 928 1674 Superioribus
962 1592 1072 1656 diebus
1095 1614 1180 1658 meas
1204 1592 1242 1657 ad
1257 1600 1290 1657 te

133 1692 198 1756 veri
221 1694 342 1758 amoris
367 1699 399 1758 et
422 1695 566 1760 caritatis
589 1695 659 1760 dedi
680 1695 806 1760 litteras
821 1696 841 1776 ¹,
866 1698 897 1760 in
924 1698 1038 1780 quibus
1061 1703 1093 1762 te
1115 1697 1288 1781 plurimum

131 1797 163 1860 in
196 1798 305 1863 studio
340 1798 522 1864 litterarum
557 1800 695 1866 feliciter
729 1802 879 1867 inchoato
911 1803 1055 1881 otiabar,
1087 1810 1118 1867 et
1142 1823 1203 1886 que
1225 1803 1289 1866 tib·

132 1903 230 1967 menti
263 1902 391 1983 forent,
423 1927 473 1969 me
503 1906 632 1990 scriptis
675 1907 842 1972 cerciorari
874 1913 953 1973 tunc
982 1913 1015 1972 et
1041 1907 1177 1972 maxime
1208 1929 1291 1972 nunc

131 2006 253 2072 affecto.
306 2006 493 2075 Consultone
525 2011 605 2076 mihi
638 2011 798 2077 rideretur
838 2035 900 2078 non
925 2013 982 2078 abs
1006 2035 1057 2092 re,
1091 2019 1126 2078 ut
1149 2019 1182 2077 et
1204 2013 1289 2096 peri-

132 2113 210 2178 ciam
242 2119 331 2179 tuam
367 2115 500 2198 provida
531 2115 702 2182 sedulitate
735 2119 949 2203 continuaque
985 2118 1217 2184 exercitatione
1257 2118 1290 2180 in

133 2217 241 2303 aliqua
275 2221 484 2286 universitate
507 2223 747 2308 frequentarem
779 2224 817 2288 ad
851 2223 969 2289 alciora
994 2226 1077 2288 enim
1100 2222 1291 2307 capescenda

134 2328 188 2387 tuo
210 2324 342 2408 ingenio
365 2347 450 2390 nnnc
473 2329 666 2410 permaxime
689 2329 836 2412 vigente,
861 2328 899 2393 ad
924 2329 1045 2393 alciora
1069 2329 1102 2392 in
1128 2328 1215 2392 brevi
1240 2347 1290 2390 as·

135 2430 265 2494 cendere
278 2427 337 2517 [te]
352 2437 384 2494 et
396 2433 549 2515 proficere
565 2455 735 2518 sperarem.
761 2432 843 2499 Nam
857 2435 939 2500 sicut
959 2433 1104 2498 manuale
1114 2433 1287 2498 artificium

135 2533 227 2597 realis
246 2533 518 2619 frequentacionis
533 2539 721 2622 operacione
738 2539 912 2622 perficitur,
935 2539 980 2603 sic
996 2537 1199 2621 sapiencialis
1224 2537 1288 2600 dis·

135 2639 286 2704 crecionis
314 2641 442 2704 lucerna
472 2643 581 2706 crebre
610 2644 849 2709 exercitacionis
880 2665 975 2727 opere
1007 2642 1143 2708 fulcitur
1177 2646 1209 2706 et
1233 2663 1291 2724 per

136 2744 345 2829 negligencia
368 2747 533 2831 pigritatis
557 2749 718 2832 ignaviam
743 2749 903 2832 insperate
935 2748 1057 2813 corruit
1079 2749 1112 2812 in
1136 2747 1288 2812 delusum.

136 2847 200 2923 Qne
230 2850 333 2933 igitur
356 2852 388 2914 in
412 2851 556 2916 futurum
580 2853 685 2918 facere
718 2860 774 2918 aut
798 2875 861 2938 quo
885 2854 1027 2918 locorum
1057 2854 1187 2918 tedere
1211 2851 1288 2916 deli·

137 2953 305 3032 hermetis,
328 2957 483 3038 proximis
499 2959 563 3022 tuis
580 2959 708 3042 scriptis
724 2980 773 3023 me
788 2958 956 3024 cerciorari
973 2959 1051 3023 velis
1068 2959 1184 3025 obnixe
1199 2977 1287 3040 rogo.

138 3057 242 3124 Habes
267 3064 300 3124 et
324 3061 455 3125 habebis
478 3084 529 3126 me
550 3085 676 3147 semper
698 3064 737 3128 ad
761 3063 870 3148 quevis
886 3067 942 3126 tua
967 3064 1086 3147 placita
1103 3067 1135 3127 et
1151 3062 1291 3162 proficup

136 3164 462 3250 obsequentissimum.
510 3167 623 3254 Dirigo
647 3171 707 3235 tibi
732 3191 803 3236 cum
819 3169 1017 3252 presencium
1042 3173 1205 3233 ostensore
1230 3166 1291 3229 mi·

137 3291 194 3335 nus
216 3271 299 3336 exile
316 3271 480 3352 birretum,
504 3273 652 3340 videlicet
666 3274 782 3339 coloris
799 3275 904 3353 bruni,
930 3297 1023 3352 arne,
1047 3296 1110 3338 non
1136 3277 1288 3357 quantum

138 3376 187 3439 sed
204 3399 243 3442 ex
260 3377 397 3461 quante*
414 3378 556 3461 accipere
573 3384 739 3463 gratanter
755 3378 834 3442 velis
851 3379 1015 3443 humiliter
1031 3401 1095 3443 oro.
1139 3378 1289 3441 Patrnurn

138 3490 280 3547 nostrum
305 3481 345 3545 N.
371 3488 403 3548 et
427 3483 558 3548 fratrem
584 3482 699 3549 tuunr²
727 3485 788 3547 nrei
813 3506 850 3548 ex
874 3489 965 3566 parte
990 3484 1127 3566 benigne
1150 3482 1289 3544 salutare

138 3586 286 3671 digneris,
312 3609 446 3672 quorum
463 3573 647 3672 piorectum
663 3594 695 3652 et
710 3589 879 3652 sanitatem
897 3608 1085 3671 prosperam
1102 3606 1165 3651 non
1184 3586 1289 3648 minus

139 3715 231 3775 quam
247 3695 411 3778 propriam
427 3693 619 3759 affectarem.
666 3693 702 3757 [n
719 3715 756 3758 eo
780 3694 890 3775 igitur,
915 3693 948 3756 in
966 3713 1029 3776 quo
1046 3691 1187 3756 omniurn
1205 3690 1291 3753 salus

139 3804 290 3878 versatur,
321 3800 457 3865 feliciter
488 3806 520 3864 tc
550 3800 654 3864 valere
677 3800 791 3882 cupio,
824 3802 938 3882 patrue
971 3796 1194 3862 amantissime.
1244 3794 1289 3858 Ex

140 3901 311 3992 A[ngusta]
335 3906 404 3988 ipso
427 3905 477 3969 die
502 3907 590 3970 beate
614 3905 714 3970 Maria
740 3904 937 3989 Magdalene.

707 4007 725 4046 a

211 4099 223 4151 l
244 4095 269 4149 S.
291 4096 362 4151 oben
380 4113 423 4150 or.
444 4096 486 4152 31.
558 4097 574 4149 2
595 4095 705 4150 Marcus
724 4094 782 4150 und
802 4092 947 4162 Georgius.
