3106 5246
738 431 800 498 211

194 609 301 674 randis
334 608 426 673 libris
459 608 573 672 nedum
606 606 826 690 Nuremberge
858 611 907 672 set
940 612 1032 672 etex
1059 606 1206 693 Venecijs
1229 609 1349 693 pluries

194 715 256 799 egi,
279 713 328 778 uti
355 712 398 801 (d.
415 715 457 799 v.)
485 713 544 777 boc
574 733 629 777 vos
656 711 755 775 latere
780 711 911 776 minime
938 713 1039 780 credo.
1087 710 1124 778 ln
1151 713 1267 798 quibus
1290 737 1346 799 pa-

193 820 378 885 ternitatem
413 839 502 883 suarn
535 837 659 900 semper
698 820 826 899 gratum
865 816 964 892 sensi,
1008 818 1092 902 quod
1129 818 1157 882 si
1197 841 1347 905 umquam

195 924 394 990 Leonardum
426 943 485 1006 pro
519 922 654 985 arbitrio
688 942 745 986 suo
767 943 787 986 a
806 943 857 986 me
879 921 996 987 habere
1028 920 1201 1004 voluisset,
1232 925 1347 990 nedum

194 1030 308 1112 ipsum,
332 1049 440 1094 verum
456 1032 498 1104 et,
523 1027 714 1112 quicumque
736 1026 820 1092 liber
839 1031 920 1111 aput
934 1049 985 1092 ms
1008 1031 1065 1107 est,
1090 1027 1172 1092 dono
1194 1033 1251 1094 aut
1273 1050 1347 1113 pre-

193 1135 239 1201 tio
263 1134 425 1211 dedissem,
448 1153 488 1197 ne
503 1130 679 1196 amiciciam
693 1153 724 1214 p.
741 1153 766 1197 s.
786 1133 897 1216 quovis
920 1135 1014 1215 pacto
1037 1132 1226 1214 amitterem,
1251 1156 1346 1218 quam

193 1240 265 1324 plus
280 1239 393 1305 ceteris
408 1237 555 1303 omnibus
570 1237 792 1322 magnipendo.
828 1235 877 1303 Ob
905 1238 988 1322 quod
1012 1259 1083 1303 cum
1108 1237 1251 1302 bursario
1273 1261 1347 1322 pre·

193 1343 383 1410 nominato¹
407 1343 604 1408 Leonardum
624 1343 754 1408 mittere
779 1341 912 1423 decrevi,
936 1364 1030 1427 quem
1059 1345 1095 1407 ut
1121 1343 1226 1409 animo
1253 1349 1347 1429 grato

192 1451 345 1534 suscipiat
367 1471 418 1516 me
440 1449 636 1534 singularem
659 1450 801 1532 graciam
823 1453 1002 1515 assecutum
1025 1449 1176 1529 arbitror,
1201 1471 1295 1535 quem
1318 1451 1345 1514 si

194 1557 348 1635 remittat,
372 1554 419 1620 uti
436 1576 474 1620 ex
496 1554 625 1639 scriptis
640 1556 670 1620 d.
683 1577 712 1622 v.
728 1555 866 1639 percepi,
889 1575 947 1620 nec
961 1554 1067 1637 ipsum
1090 1554 1251 1639 recipiam,
1274 1576 1346 1621 cum

196 1661 265 1744 ipso
287 1681 394 1724 carere
416 1663 538 1743 potero.

279 1765 367 1842 Quod
391 1767 417 1830 si
440 1787 529 1830 secus
551 1765 660 1849 aliqua
682 1765 811 1829 sinistre
834 1764 872 1829 de
895 1786 945 1830 me
968 1765 1124 1848 suspicari
1148 1765 1272 1846 velitis,
1304 1767 1345 1831 ob

193 1893 254 1955 que
286 1871 430 1936 amicicia
459 1892 495 1936 ao
528 1870 730 1935 familiaritas
762 1870 849 1934 inter
878 1891 936 1934 nos
971 1873 1136 1935 contracta
1170 1871 1344 1955 deturpari,

191 1977 321 2058 aboleri,
346 1975 534 2042 labefactari
556 1976 668 2059 possit,
692 1975 822 2040 minime
844 1974 876 2038 id
899 1975 1027 2040 admitti
1051 1975 1170 2058 pacior.
1214 1976 1343 2061 Appor-

190 2088 302 2148 tantur
322 2083 356 2146 in
380 2083 446 2148 dies
469 2081 653 2146 catervatim
677 2080 739 2146 huc
761 2079 838 2145 libri
861 2080 995 2160 diversi,
1029 2078 1091 2166 (ut)
1124 2084 1157 2144 et
1187 2079 1343 2147 relacione

192 2188 390 2272 quorundam
413 2187 530 2270 accepi,
556 2185 754 2252 [leonardum
777 2185 877 2250 eciam
900 2187 933 2249 in
957 2185 1023 2249 dies
1047 2185 1220 2269 apportari,
1246 2207 1344 2270 quare

193 2295 262 2358 leve
285 2293 366 2358 mibi
389 2292 467 2373 erit,
502 2314 563 2376 que
586 2291 782 2375 placuerint,
805 2291 845 2355 ad
877 2294 991 2355 nutum
1014 2310 1209 2374 comparare,
1232 2291 1343 2369 sciens,

190 2403 297 2483 patres
320 2398 442 2482 oenobij
466 2399 636 2483 presertim
659 2398 691 2461 in
717 2395 778 2462 hoc
811 2417 900 2462 sacro
923 2400 1067 2479 tempore
1089 2396 1162 2479 plus
1186 2415 1235 2459 me
1257 2396 1341 2460 indi·

190 2527 265 2591 gere
288 2505 530 2589 uberioremque
553 2504 693 2570 fructum
718 2504 915 2588 predicando
944 2503 1076 2566 verbum
1100 2501 1151 2566 dei
1175 2505 1207 2565 et
1229 2502 1343 2566 ceteris

190 2611 313 2675 efficere
326 2608 349 2674 ⁹.
409 2610 475 2675 Hec
508 2611 618 2694 itaque
650 2609 778 2673 domino
807 2629 877 2672 meo
915 2606 1058 2691 gracioso
1092 2625 1265 2689 suggerere
1288 2627 1341 2669 ve·

193 2715 280 2794 litis,
316 2718 355 2778 ut
387 2719 418 2779 et
441 2716 583 2780 animum
616 2735 739 2793 acrem,
773 2714 800 2776 si
835 2734 929 2798 quem
953 2713 986 2776 in
1009 2734 1060 2777 me
1084 2712 1342 2795 concepisset,a

190 2823 294 2884 mente
316 2840 463 2884 amovere
486 2824 518 2884 et
541 2818 669 2903 singula
691 2820 820 2884 demum
842 2819 876 2883 in
901 2818 1065 2883 meliorem
1092 2821 1217 2901 partem
1239 2817 1341 2882 inter-

188 2925 310 3010 pretari
333 2924 419 2990 velit.
464 2924 637 2989 Exhibebit
661 2925 740 2989 mihi
763 2947 794 3008 p.
818 2947 842 2990 s.
866 2923 1007 3009 graciam
1031 2922 1227 3008 singularem
1243 2943 1279 2988 ac
1302 2924 1340 2987 ad

187 3037 262 3096 vota
276 3030 410 3116 posthac
433 3030 663 3096 deditissimum
687 3029 754 3117 [me
778 3029 936 3117 babebit].
983 3028 1097 3094 Valete
1120 3028 1266 3094 feliciter.

275 3135 443 3220 Incompto
466 3137 540 3201 stilo
565 3140 596 3199 et
617 3135 806 3201 rudimentis
829 3135 953 3201 veniam
980 3135 1052 3200 date
1072 3156 1160 3220 rogo,
1183 3157 1257 3200 nam
1281 3157 1342 3220 que

189 3243 221 3305 in
245 3242 562 3324 mentemgvenerint,
585 3241 707 3308 calamo
733 3262 864 3306 exarare
886 3241 982 3308 volui.

757 3351 773 3388 *

262 3450 273 3502 1
295 3448 330 3502 Es
348 3449 386 3502 ist
404 3447 501 3504 lreiner
520 3449 620 3504 vorber
639 3452 774 3519 genennt.
846 3450 863 3503 2
884 3450 964 3504 Nach
983 3448 1087 3504 diesem
1108 3451 1184 3504 satae
1203 3466 1261 3504 war
1279 3449 1340 3504 also

189 3538 239 3592 der
256 3537 471 3592 blicheranlrauf
486 3538 534 3590 fur
551 3537 613 3591 eine
629 3537 892 3593 klosterbibliotbelr
910 3537 1073 3600 bestimmt‚
1106 3535 1341 3606 moglicherweire

189 3626 235 3678 fiir
264 3623 309 3679 die
334 3641 387 3680 von
409 3624 591 3688 Heilsbronn‚
619 3643 661 3682 wo
679 3625 795 3681 Schedel
816 3627 858 3680 als
877 3627 939 3681 arat
959 3625 1056 3695 hduflg
1078 3624 1173 3694 thatig
1192 3642 1263 3688 war,
1289 3625 1341 3680 wie

189 3711 263 3768 seina
280 3715 390 3782 recepte
409 3710 569 3767 anaweisen.
609 3715 670 3784 Vgl.
689 3713 734 3769 die
752 3714 903 3784 folgenden
924 3713 1053 3783 eintrage
1083 3731 1132 3768 aus
1151 3713 1206 3768 den
1224 3712 1340 3768 kloster·

188 3801 368 3870 recbnungen
386 3801 454 3855 ilber
468 3801 772 3872 blichererwerbungen
786 3800 945 3872 [Stillfried
960 3801 1070 3858 Kloster
1086 3800 1253 3858 Heilsbronn
1270 3802 1340 3871 14¹]:

190 3888 274 3944 »1477
285 3905 335 3957 pro
347 3887 426 3942 libris
441 3889 582 3959 impressis
600 3889 730 3945 videlicet
745 3890 941 3962 Avioennafil,
960 3890 1111 3946 Plutarcho
1127 3890 1162 3945 de
1180 3889 1340 3944 illustribus

188 3976 262 4040 viris,
282 3976 392 4046 speculo
412 3979 520 4040 morali,
539 3978 644 4033 lietera
668 3996 753 4035 aurea
772 3998 793 4034 s.
817 3979 983 4051 T[bomae]‚
1010 3980 1165 4049 repertorio
1184 3978 1339 4033 Prixinensi

188 4063 361 4120 sermonibus
379 4064 497 4120 diversis
516 4069 568 4120 eto.
589 4068 656 4123 1478
676 4085 726 4138 pro
751 4067 831 4124 libris
853 4069 955 4138 emptis
980 4086 1017 4124 sc.
1037 4066 1180 4122 [leonardo
1199 4066 1233 4121 de
1251 4066 1338 4121 Utino

187 4153 255 4207 etc«
276 4184 308 4194 -
328 4153 410 4208 Dann
428 4159 502 4208 ultre
527 4152 615 4210 dieser
631 4154 706 4210 brief
722 4155 822 4212 ebenso
841 4155 893 4210 wie
910 4155 959 4209 der
979 4154 1091 4225 rorigo,
1126 4153 1175 4208 der
1194 4153 1247 4208 auf
1263 4153 1339 4207 dem·

187 4243 282 4298 selben
301 4242 393 4296 blatta
411 4241 489 4296 steht
506 4260 539 4296 au
554 4243 667 4310 retusus
686 4261 719 4296 au
737 4243 848 4298 stellen.

658 4422 864 4434 rav——
