3106 5252
820 432 861 496 16

266 608 402 686 viesime,
425 629 497 673 enm
520 607 603 673 circa
627 608 747 672 natalia
770 605 890 670 Christi
921 607 960 671 ad
984 606 1145 672 ecclesiam
1169 627 1261 670 suam
1285 610 1317 670 et
1341 605 1418 671 civi·

266 719 365 779 tatem
387 736 454 779 sese
477 713 654 792 conferret,
688 718 847 797 oportuna
870 712 950 777 mihi
973 711 1082 776 oblata
1104 715 1152 776 est
1175 711 1297 776 occasio
1321 711 1417 776 eundi

268 818 420 898 Romam,
448 819 503 883 ubi
535 818 719 904 frequenter
751 824 856 884 tecum
892 839 991 883 essem
1015 817 1129 882 literis.
1176 815 1327 881 Preterea
1349 816 1421 881 veni

269 925 400 991 Romam
424 923 472 988 ad.
496 921 586 988 XIII.
611 923 760 988 kalendas
783 923 980 1001 februariae,
1007 921 1143 1006 {tametsi
1168 921 1257 985 mille
1279 920 1422 1005 pericula
1525 947 1528 968 =

267 1052 331 1095 non
354 1028 480 1095 defuere
503 1028 648 1107 itineris,
681 1028 762 1092 nivis
786 1033 818 1092 et
841 1027 1018 1113 grandinis,
1041 1048 1099 1109 per
1122 1026 1291 1110 Appenina
1314 1029 1419 1090 tamen

268 1134 305 1220 (l)
329 1136 403 1219 iuga
426 1135 529 1217 magis
553 1134 717 1218 magisque
750 1132 971 1198 insidiancium
1000 1133 1136 1217 denique
1165 1130 1420 1197 latrunculorum

268 1245 396 1304 caterva
418 1239 545 1304 obviam
567 1237 638 1304 fuit.
686 1237 754 1302 Nec
783 1237 847 1321 hijs
879 1237 956 1303 adeo
980 1237 1170 1322 perterritus
1192 1238 1317 1317 obmisi,
1341 1237 1420 1321 quin

268 1345 344 1408 bina
359 1344 418 1408 tibi
435 1343 551 1408 nuncia
567 1344 726 1409 crederem
745 1344 765 1408 ¹.
811 1342 890 1409 Oum
913 1344 997 1409 euim
1013 1342 1188 1408 Tuscorum
1213 1363 1327 1427 agrum
1344 1339 1420 1408 Flo·

273 1449 470 1514 rentinorum
497 1449 666 1533 ingressus,
690 1449 811 1514 cuidam
836 1472 907 1514 mea
921 1450 960 1514 ad
976 1454 1009 1513 te
1024 1449 1095 1512 dedi
1112 1449 1241 1532 scripta,
1264 1448 1340 1513 licet
1356 1470 1419 1513 nou

270 1556 348 1618 satis
371 1554 509 1638 cognito,
533 1554 626 1619 alteri
661 1577 734 1620 vero
758 1555 930 1639 plurimum
965 1554 1130 1619 notissimo
1160 1554 1335 1637 presbitero
1360 1553 1422 1637 Ey-

268 1660 415 1725 stettensi
448 1663 522 1724 ante
550 1657 704 1724 Seuerum
735 1659 860 1738 urbem,
894 1661 968 1724 dum
997 1659 1127 1724 comites
1162 1663 1308 1742 equester
1330 1659 1419 1724 dere-

268 1765 413 1849 linquere
436 1787 497 1830 non
521 1786 654 1849 possem,
676 1765 783 1830 verbis
805 1766 971 1844 mandavi,
1004 1764 1108 1850 quoad
1130 1764 1232 1847 potui,
1255 1770 1292 1829 ut
1314 1785 1419 1828 meum

268 1871 329 1935 tibi
352 1871 496 1936 refferret
511 1891 685 1934 occursum.
724 1867 909 1953 Complures
932 1874 1038 1933 autem
1061 1867 1170 1932 literas
1193 1869 1331 1948 interim,
1354 1891 1418 1953 quo

271 1975 370 2041 Rome
393 1976 450 2056 fui,
475 1980 530 2040 tuo
545 1974 743 2040 nobilissimo
758 1975 875 2040 tradidi
900 1975 977 2054 filio,
1001 1974 1185 2038 existimans
1201 1995 1272 2038 enm
1296 1973 1420 2038 dulcem

269 2088 348 2165 aput
371 2087 403 2145 te
427 2081 542 2146 habere
563 2079 752 2145 convictum.
798 2077 882 2142 Nam
906 2081 953 2144 ita
974 2076 1224 2144 subordinavit*
1246 2077 1349 2144 frater
1371 2077 1421 2144 Si-

270 2186 457 2270 gismundns
471 2185 493 2264 ³,
526 2186 580 2270 qui
604 2184 854 2250 commissionem
883 2185 939 2250 abs
969 2190 1001 2249 te
1033 2184 1149 2250 babere
1172 2183 1316 2267 proiecto
1339 2184 1423 2248 fate-

271 2291 373 2357 batur.
421 2289 476 2356 Set
491 2290 674 2374 supervenit
690 2288 752 2371 hijs
768 2289 878 2352 diebus
901 2288 938 2354 de
955 2286 1149 2374 Salozburga
1165 2289 1318 2372 magister
1335 2286 1418 2352 Pau-

269 2395 329 2475 lus,
352 2396 407 2480 qui
432 2394 603 2481 diceretd),
627 2416 733 2459 secum
756 2394 852 2458 inisse
875 2392 1055 2476 proiectum
1079 2393 1116 2457 de
1134 2393 1265 2459 Patauio
1289 2395 1321 2458 in
1346 2393 1422 2458 Fer·

269 2501 395 2567 uariam.
442 2497 582 2563 Tandem
606 2520 732 2563 omnem
757 2497 886 2562 resolvit
902 2498 1086 2581 perplexam
1109 2499 1339 2584 cogitationem
1362 2498 1418 2564 do·

270 2604 374 2668 minus
384 2603 558 2681 Iohannes,
566 2603 754 2668 secretarius
767 2608 799 2666 et
811 2602 991 2686 capellanus
1013 2607 1087 2666 tuus
1100 2603 1123 2681 ⁴,
1139 2625 1176 2668 ex
1186 2601 1336 2688 Augusta
1353 2605 1422 2670 sine

270 2710 373 2774 medio
397 2709 450 2793 qui
467 2707 529 2772 iter
544 2709 663 2773 diceret
678 2707 828 2790 exegisse.
868 2706 930 2771 Hic
947 2708 1009 2771 kal.
1026 2707 1152 2791 Maroijs
1169 2709 1297 2774 veniens
1315 2710 1419 2774 nullas

270 2814 349 2878 mihi
373 2814 429 2877 abs
465 2818 497 2877 te
522 2813 659 2877 reddidit
682 2811 810 2891 literas,
840 2833 918 2896 quas
942 2812 1048 2896 inquil
1070 2809 1215 2878 Ferraria
1244 2815 1364 2894 missas,
1389 2819 1425 2878 ut

271 2919 454 2983 Ravennam
478 2918 705 2996 mitterentur,
737 2918 867 2981 credens
898 2917 966 2980 illic
988 2939 1039 2980 me
1063 2924 1264 3002 reperturum
1289 2920 1373 2985 circa
1396 2921 1426 2984 d.

270 3022 448 3106 primatem.
495 3021 576 3096 Quid
600 3021 725 3085 dicam?
749 3020 829 3096 Quid
854 3042 932 3104 opus
957 3027 1005 3086 est
1026 3022 1155 3088 verbis?
1179 3022 1343 3099 Quantum
1368 3025 1425 3089 ille

272 3149 323 3190 me
340 3126 476 3210 replevit
492 3127 618 3212 gaudio,
643 3132 798 3211 qnantum
815 3127 960 3206 tristicia,
977 3149 1065 3191 mens
1082 3149 1151 3192 mea
1167 3135 1312 3207 testetur,
1336 3152 1422 3194 oum·

274 3254 336 3317 qne
360 3231 573 3314 planmarum
597 3254 701 3295 rerum
727 3233 903 3314 plenarIam
932 3233 1012 3296 mihi
1035 3233 1271 3298 absoluoIonem
1295 3235 1424 3300 demon·
1531 3223 1532 3226 ¹

271 3341 406 3415 straret,
444 3358 481 3400 ex
512 3337 627 3420 quibus
660 3359 777 3421 magna
810 3337 919 3401 leticia
953 3360 1003 3402 me
1026 3338 1166 3402 afficeret
1189 3340 1426 3425 mestitudoqne

272 3465 400 3528 magna,
423 3443 556 3507 subinde
572 3448 661 3507 tuum
686 3444 798 3506 intuIIt
814 3444 1050 3527 magistratum.
1098 3441 1138 3507 Et
1154 3467 1194 3508 ne
1216 3444 1326 3510 forte⁶
1344 3447 1426 3531 quod

273 3552 397 3615 animus
421 3571 509 3613 meus
543 3550 575 3612 in
610 3551 728 3632 patinis
761 3555 843 3614 esset
874 3555 905 3614 et
935 3571 1007 3614 oum
1030 3549 1190 3614 sodalibus
1212 3554 1290 3614 tuno
1314 3551 1426 3615 calices

274 3659 434 3739 epotaret,
458 3656 575 3720 idcirco
598 3655 745 3719 lacrimas
768 3655 966 3738 profuderim
994 3656 1031 3720 de
1054 3655 1350 3739 superhabundanti
1373 3679 1426 3721 ex·

272 3761 447 3837 ultaoione,
481 3760 581 3824 eciam
612 3765 708 3844 atque
732 3762 830 3826 eciam
854 3761 969 3825 mentis
992 3761 1097 3826 fervor
1128 3783 1178 3825 me
1209 3766 1296 3825 tenet
1320 3763 1427 3847 sieque

272 3884 342 3928 oum
376 3868 492 3927 memet
522 3865 660 3930 diiudieo
693 3871 725 3930 et
753 3868 786 3929 in
822 3872 853 3930 te
877 3867 1096 3950 dignissimam
1130 3866 1268 3952 gloriam
1292 3868 1426 3951 pensito,

273 3974 405 4053 propter
420 3968 615 4053 singularem
642 3993 779 4035 amorem
796 3978 852 4036 tuo
880 3973 1002 4055 gaudeo
1028 3973 1152 4050 honori,
1176 3978 1310 4056 propter
1324 3973 1427 4037 varias

273 4096 346 4139 vero
369 4075 593 4158 occupacionee
624 4076 777 4141 distracto
806 4076 958 4142 condoleo
993 4077 1071 4141 viro.
1120 4074 1224 4164 [asub]
1258 4076 1339 4142 Nam
1366 4077 1427 4160 hijs

843 4199 859 4235 it

345 4319 358 4370 1
378 4317 544 4371 traderem?
617 4318 634 4371 2
654 4317 815 4373 ›ordenlieh
834 4335 927 4373 sennen
947 4317 1012 4374 einss
1035 4320 1123 4374 vnder
1136 4321 1169 4374 da
1182 4321 1287 4375 ander«
1308 4321 1429 4376 Dieffen-

274 4405 355 4472 bach,
375 4404 488 4461 Glossar
507 4423 527 4462 s.
547 4405 574 4459 h.
589 4423 630 4468 v.;
651 4403 793 4459 vielleicht
814 4406 1000 4476 supportavit.
1055 4407 1072 4461 3
1093 4407 1255 4462 Meisterlin.
1317 4411 1332 4461 4
1353 4409 1428 4463 Doch

276 4491 349 4547 wohl
368 4490 417 4546 der
435 4508 476 4544 nr.
495 4492 530 4546 23
548 4494 692 4562 genannte
711 4491 772 4549 Joh.
791 4491 963 4562 PruntrIgel.
1036 4497 1051 4548 5
1071 4491 1152 4548 Fehlt
1173 4495 1292 4549 credas?
