3106 5246
810 455 872 521 170

268 632 354 715 cipes
383 636 538 698 exercent.
601 627 718 696 Nullus
747 633 854 696 tamen
887 629 1061 713 preciosior
1092 629 1350 714 splendidiorque
1386 631 1420 693 in

268 741 425 821 apparatu
449 737 597 802 exteriori
622 736 744 802 relucet
767 737 837 820 ipso
860 735 1057 814 Tandorffer,
1081 735 1136 820 qui
1153 735 1288 800 cottidie
1310 734 1420 819 splen·
1538 721 1539 798 i

269 841 340 906 dide
362 842 503 907 vestibus
524 842 762 926 pretiosissimis
778 865 815 907 ex
839 863 916 907 auro
931 846 963 906 et
979 841 1080 906 serico
1096 839 1253 906 contextis
1279 840 1313 904 in
1336 840 1421 922 pub·
1538 825 1539 872 ἶ

268 945 364 1011 licum
385 947 537 1031 procedit,
561 947 617 1032 qui
632 948 706 1011 dnm
723 946 979 1032 Nuremborgam
999 967 1070 1012 cum
1094 945 1171 1010 duce
1187 943 1347 1010 Ludovioo
1369 944 1422 1008 in-

269 1055 379 1130 traret,
402 1051 557 1136 populum
580 1074 673 1118 snum
695 1055 782 1119 omni
806 1075 878 1118 cum
901 1073 1017 1136 pompa
1038 1051 1239 1133 maximoque
1262 1051 1424 1132 apparatu

269 1159 476 1242 gubernando
507 1179 565 1242 per
596 1159 700 1223 forum
724 1163 757 1224 et
780 1159 902 1242 plateas
934 1157 1115 1241 conspicere
1143 1154 1228 1220 fecit.
1277 1153 1424 1218 Marchio

269 1269 375 1327 tamen
399 1262 563 1344 Albertus,
587 1266 641 1350 qui
664 1270 738 1348 post
761 1287 831 1328 eum
854 1261 1107 1348 Nurambergam
1132 1260 1287 1339 intravit,
1311 1257 1423 1342 plura-

269 1367 331 1430 lior
359 1387 395 1431 eo
428 1368 460 1431 in
485 1369 603 1453 populo
635 1368 698 1434 fuit
728 1374 770 1448 st,
794 1369 821 1432 si
843 1368 891 1432 fas
913 1371 961 1432 est
989 1366 1110 1445 dicere,
1143 1364 1289 1448 quamvis
1316 1361 1424 1428 colore

268 1476 399 1553 semoto,
421 1474 534 1538 maiori
557 1479 662 1539 tamen
685 1474 851 1538 honestata
880 1471 1070 1554 vasallisque
1100 1469 1351 1548 valentioribus,
1385 1472 1423 1532 ut

270 1578 368 1642 eciam
392 1576 477 1643 fama
502 1579 677 1664 vulgariter
700 1579 753 1644 hic
776 1579 850 1658 fert,
874 1578 1016 1643 intravit.
1052 1577 1181 1642 Etcum
1198 1575 1307 1658 plures
1331 1574 1423 1658 prin·

270 1683 356 1765 cipes
379 1682 406 1746 ei
438 1683 564 1749 obviam
596 1686 719 1764 darent,
751 1683 814 1748 dux
843 1687 950 1748 tamen
982 1680 1159 1748 Lndovicus
1192 1685 1224 1745 et
1256 1679 1425 1762 episcopus

272 1787 475 1852 Eistettensis
498 1789 559 1854 sibi
581 1790 707 1855 obviam
729 1789 805 1854 dare
827 1787 1024 1853 recusabant.
1539 1771 1540 1788 ¹

817 2123 878 2194 74.

271 2261 465 2334 Hermann
483 2261 636 2336 Schedel
664 2285 712 2334 an
729 2261 920 2359 [Valentia
952 2260 1059 2334 Eber.
1109 2259 1307 2354 Nurnberg
1325 2259 1421 2331 1467

750 2387 904 2481 august]
922 2391 944 2458 ¹.

640 2540 703 2594 erm.
722 2539 773 2593 224
792 2540 811 2596 f.
831 2540 891 2595 aar.
928 2538 1058 2608 concept.

354 2661 650 2748 Fortsetzung
673 2664 741 2728 des
764 2663 964 2729 berichts
988 2684 1075 2728 vom
1099 2660 1356 2744 reichstage.

361 2803 503 2870 Salutem
538 2826 607 2870 cum
641 2806 770 2889 optione
806 2806 909 2870 omnis
935 2805 1030 2884 boni,
1063 2805 1162 2869 amics
1195 2806 1425 2887 preceptorque

272 2910 402 2994 optime.
426 2909 495 2974 Etsi
511 2933 685 2996 numquam
697 2911 917 2991 dubitaverim,
938 2931 993 2977 vos
1007 2909 1087 2974 mihi
1104 2907 1174 2973 fore
1190 2906 1426 2986 amicissimum,

274 3014 337 3098 hijs
360 3020 466 3079 tamen
489 3017 603 3080 vestris
632 3016 762 3099 scriptis
790 3015 892 3080 solum
922 3015 1085 3080 insinuare
1116 3014 1252 3098 cupitis,
1284 3017 1426 3078 vestrum

273 3119 459 3184 continuum
483 3140 560 3204 erga
574 3142 625 3186 me
640 3142 779 3185 amorem
800 3142 864 3185 non
880 3142 970 3204 possa
987 3120 1119 3200 remitti,
1143 3125 1179 3184 ut
1194 3140 1268 3184 vere
1290 3119 1427 3183 amantis

274 3224 440 3309 proprium
464 3229 530 3304 est,
553 3231 602 3291 set
624 3226 838 3291 indesinenter
860 3227 994 3306 intendi,
1017 3219 1165 3304 maroni,
1195 3246 1267 3290 cum
1290 3248 1351 3310 que
1375 3224 1428 3289 hic

275 3329 309 3392 in
331 3328 427 3408 dieto,
451 3329 505 3393 ubi
517 3328 657 3395 medulla
673 3330 855 3414 principum
871 3333 904 3395 et
919 3330 1061 3413 ipsorum
1077 3330 1332 3396 consiliariorum
1352 3351 1426 3395 con·

274 3437 492 3518 gregatorum,
515 3433 684 3523 aga[n]tur
699 3436 789 3501 avide
803 3436 884 3500 scire
906 3435 1033 3519 cupitis,
1058 3458 1118 3520 que
1140 3436 1220 3500 mihi
1243 3439 1321 3500 nota
1342 3440 1430 3514 sunt,

275 3539 394 3604 calamo
426 3562 556 3606 exarare
586 3542 716 3607 minime
750 3542 856 3626 piguit
870 3539 892 3604 ⁸.
923 3576 964 3588 --
990 3539 1052 3605 Per
1074 3541 1168 3607 hosce
1193 3562 1330 3624 namque
1352 3539 1427 3618 dies,

277 3645 392 3729 quibus
416 3648 602 3731 congregati
625 3647 722 3727 fuere,
747 3647 792 3709 nil
816 3646 961 3730 penitus,
985 3646 1068 3730 quod
1092 3645 1218 3711 laudem
1241 3648 1427 3723 mereretur,

276 3755 422 3834 egerunt.
469 3749 651 3816 Novissime
674 3753 819 3836 deputati
842 3756 917 3815 sunt
947 3774 965 3815 a
989 3750 1198 3835 principibus,
1222 3750 1259 3815 de
1283 3748 1429 3834 quolibet

277 3855 423 3921 videlicet
446 3856 591 3940 principe
614 3877 713 3936 unua,
744 3879 760 3921 e
783 3855 1048 3921 ambasiatoribus
1080 3855 1264 3940 principum
1290 3855 1342 3919 hic
1366 3875 1427 3918 non

276 3961 484 4026 existencium
500 3962 611 4026 itidem
628 3967 660 4026 et
676 3963 714 4026 de
729 3962 913 4027 civitatibus
924 3961 1030 4026 missis
1046 3961 1134 4041 certi,
1152 3961 1207 4046 qui
1225 3982 1284 4044 pro
1303 3964 1428 4043 treuga,

276 4065 514 4149 tranquillitate
536 4088 573 4130 ac
595 4089 672 4151 pace
697 4068 838 4133 nacionis
861 4067 1042 4153 germanice
1066 4073 1097 4130 et
1118 4066 1328 4150 suspensione
1352 4087 1427 4130 con·

277 4171 430 4236 troversia
452 4171 537 4236 inter
561 4194 668 4259 regem
683 4173 812 4238 Boemie
835 4180 867 4238 et
890 4174 1009 4238 incolas
1033 4172 1125 4255 regni
1149 4171 1365 4255 providerent,
1395 4173 1428 4234 ut

277 4297 338 4358 pax
361 4276 454 4340 firma
469 4279 656 4362 stabilisque
671 4279 791 4343 firmari
815 4279 929 4362 possit,
953 4283 989 4343 ut
1006 4278 1162 4342 transitus
1178 4280 1291 4341 contra
1308 4275 1428 4340 Turcos

844 4448 864 4486 s

349 4523 362 4576 l
384 4524 436 4576 Zur
455 4523 566 4578 adressa
585 4542 604 4578 s.
626 4523 722 4592 vorige
734 4542 775 4578 nr.
827 4523 919 4578 acod.
940 4523 1062 4576 tantum.
1129 4519 1271 4575 3Scheint
1289 4518 1426 4574 verderbt.
