3106 5246
682 449 744 514 193

125 624 276 708 perialem
299 624 378 688 adiit
400 624 434 687 in
458 645 562 702 eausa,
585 630 622 689 ut
638 625 666 688 d.
680 648 709 690 v.
733 625 802 701 seit,
827 626 910 688 inter
936 625 1039 707 ipsum
1056 631 1087 688 et
1104 623 1276 689 Arnoltum

125 731 163 793 de
185 729 260 815 Tyr,
283 735 395 794 eontra
418 728 538 814 quem¹
569 730 819 814 appellaoionem
842 751 932 794 suam
957 730 1180 813 interpositam
1202 749 1278 811 pro·

126 835 214 918 sequi
238 835 409 918 pretendit.
457 835 561 899 Audio
593 857 710 918 paucos
733 837 873 920 reperire
896 835 1014 899 ibidem
1037 833 1196 913 fautores,
1220 832 1278 896 ha-

16 983 17 988 1
125 938 213 1002 bebit
237 959 342 1004 aerem
369 941 583 1018 adrersarium
611 964 667 1024 per
690 942 856 1027 prefatam
873 941 1119 1006 dominationem
1144 940 1279 1004 eonduc-

16 1105 18 1126 ,
125 1049 213 1122 tum,
236 1042 362 1110 Nieolai
387 1044 522 1110 Pistoris
551 1046 687 1110 nomine.
736 1045 844 1124 Pauci,
869 1049 906 1108 ut
930 1045 1015 1110 fama
1037 1044 1111 1122 fert,
1135 1045 1166 1107 in
1191 1044 1280 1108 auria

16 1151 17 1154 ’
126 1149 287 1230 imperiali
321 1154 509 1233 supersunt,
542 1151 597 1235 qui
630 1151 692 1215 sibi
719 1151 840 1216 auxilio
875 1156 907 1214 et
931 1149 1278 1223 favoreadherebun13

127 1275 278 1336 quorsum
301 1255 358 1320 hee
383 1256 511 1334 radant,
537 1257 699 1322 audiemus
722 1279 779 1322 sno
803 1263 954 1340 tempore.

215 1359 253 1424 R.
278 1365 378 1443 pater.
410 1360 481 1426 Emi
497 1384 516 1425 a
535 1362 670 1446 quodam
687 1363 816 1429 nomine
831 1361 1011 1427 Bernardus
1035 1363 1072 1426 de
1093 1360 1278 1444 Mordingen

127 1469 205 1547 aput
229 1465 434 1547 impressores
450 1465 550 1531 Rome
572 1468 605 1531 in
630 1468 722 1533 domo
738 1467 826 1532 Petri
850 1469 888 1532 de
902 1466 1050 1531 Maximis
1069 1465 1278 1542 laborantem,

129 1567 202 1632 dum
227 1571 372 1651 proxima
395 1573 479 1635 etate
503 1571 555 1636 hio
577 1577 646 1637 erat
659 1572 891 1657 Nuremberge,
917 1572 1067 1658 quosdam
1083 1571 1183 1635 libros
1199 1569 1278 1633 mihi

16 1709 17 1726 2
128 1679 254 1755 gratos,
286 1681 318 1741 et
352 1676 436 1741 inter
466 1676 545 1741 alios
576 1678 608 1741 in
632 1677 860 1743 commentario
882 1675 1004 1742 Cesaris
1027 1676 1061 1740 in
1085 1674 1163 1739 folio
1185 1674 1278 1738 unieo

127 1797 228 1858 eareo,
252 1784 287 1842 et
309 1778 490 1866 polio[i]tns
512 1787 589 1847 tune
613 1788 691 1861 erat,
715 1783 795 1849 illud
820 1781 1009 1868 quantocius
1033 1781 1170 1859 mittere,
1195 1780 1278 1865 quod

130 1888 161 1945 et
184 1884 324 1949 nondum
348 1885 424 1950 feeit
437 1885 460 1950 ².
507 1887 607 1971 Rogo,
634 1889 662 1954 d.
687 1911 716 1954 v.
741 1893 865 1954 tantum
881 1888 1001 1952 laboris
1023 1909 1083 1972 pro
1099 1909 1148 1951 me
1172 1886 1279 1950 subire

131 1988 208 2051 velit
232 1993 264 2052 et
286 1991 455 2073 epistulam
480 1993 620 2076 presenti
636 1994 802 2077 alligatam
825 1994 928 2058 faeere
954 1997 1147 2076 presentare,
1172 1994 1208 2053 ut
1230 1990 1279 2054 fo-

128 2091 205 2157 lium
230 2095 261 2158 id
283 2095 406 2160 salvum
431 2119 500 2162 eum
526 2101 671 2182 proximo
694 2104 863 2164 occurente
880 2100 999 2178 mittat,
1021 2101 1058 2161 ut
1081 2118 1117 2159 eo
1140 2117 1277 2160 eommo-

16 2283 17 2292 ,
130 2195 199 2260 dius
221 2196 323 2283 ligare
345 2203 478 2267 eundem
501 2205 619 2300 possim
643 2204 772 2270 librum.

601 2411 810 2420 ----

669 2567 731 2642 91.

128 2683 317 2760 Hermann
339 2687 493 2762 Schedel
521 2712 569 2761 an
591 2691 700 2764 einen
714 2689 968 2783 Augsburger.
1012 2689 1279 2786 [Nurnbergffl

641 2813 765 2908 lamp

476 2967 538 3023 alm.
558 2968 611 3022 224
629 2967 647 3023 f.
666 2966 741 3022 3181».
778 2966 900 3037 Conoept
912 2965 931 3020 ⁸.

185 3095 289 3160 Plan
313 3095 390 3159 der
413 3094 745 3177 verheiratung
767 3091 993 3157 Hartmann
1016 3088 1226 3155 Sohedels.

16 3305 17 3308 ,
215 3234 370 3300 Convenit
393 3257 442 3299 me
469 3234 573 3318 pridie
595 3234 649 3299 hio
672 3234 798 3318 quidem
823 3233 1034 3317 Augustensis
1056 3232 1219 3318 inquirens
1243 3233 1281 3298 de

16 3341 17 3410 ἶ
129 3340 367 3405 condicionibus
390 3345 421 3403 et
433 3344 519 3404 statu
535 3341 643 3423 patrui
667 3341 729 3403 mei
745 3340 883 3405 doctoris
899 3335 1130 3426 Hart[manni],
1155 3341 1187 3402 et
1208 3343 1281 3402 tan·

16 3513 17 3518 ,
127 3446 208 3524 dem,
234 3468 273 3508 an
296 3445 403 3509 subire
419 3445 659 3510 matrimonium
682 3445 896 3527 pretenderet,
920 3445 1126 3527 perquirebat
1151 3451 1182 3508 et
1207 3448 1280 3527 post

16 3623 17 3630 ἵ
129 3549 230 3614 multa
254 3554 286 3613 et
308 3571 379 3614 eum
403 3549 488 3613 nihil
512 3551 549 3613 de
564 3550 703 3614 ineundo
726 3571 783 3633 per
800 3571 869 3613 eum
887 3549 1092 3613 matrimonio
1110 3552 1280 3626 constaret,

16 3669 17 3702 ³
128 3676 198 3718 curn
222 3676 396 3738 numquam
433 3654 469 3718 de
493 3654 552 3719 hoe
576 3655 705 3719 verbum
729 3652 859 3737 aliquod
892 3655 948 3716 aut
972 3653 1124 3735 seriptum
1149 3653 1188 3716 ab
1211 3652 1280 3736 ipso

16 3749 17 3768 ¹
128 3759 323 3843 acceperim,
358 3759 523 3826 subiunxit
546 3765 665 3844 postea,
698 3781 764 3824 esse
787 3758 933 3842 Auguste
956 3757 1114 3840 virginem
1136 3757 1281 3841 pulcram

16 3855 17 3940 l
128 3865 269 3928 honestis
304 3865 492 3947 parentibus
525 3867 666 3948 genitam
692 3869 769 3943 eta,
806 3885 922 3928 nornen
946 3862 1081 3945 virginis
1103 3861 1280 3938 obtieendo,

695 3985 712 4024 a

199 4074 212 4127 1
232 4073 291 4128 eod.
309 4089 404 4141 quam.
486 4071 504 4124 2
523 4073 559 4126 Es
577 4071 645 4126 wird
665 4072 715 4127 der
734 4071 822 4126 druelr
840 4072 887 4126 des
908 4069 1109 4126 Sebweinheim
1128 4067 1185 4122 und
1208 4067 1279 4121 Pan-

16 4191 17 4218 1
127 4164 217 4224 natta,
238 4163 305 4216 1469
323 4161 380 4214 mai
399 4158 449 4214 xu
468 4159 498 4215 in
517 4160 600 4216 domo
613 4160 689 4216 Petri
707 4160 742 4216 de
762 4159 890 4214 Maximis
910 4158 1038 4229 [Panaer,
1057 4156 1180 4211 Annales
1199 4157 1280 4225 typo·

16 4257 17 4282 ¹
128 4247 256 4318 graphioi
275 4249 309 4312 ΙΙ,
328 4247 391 4317 411]
411 4247 536 4317 gemeint
565 4248 632 4311 sein,
658 4265 712 4303 von
739 4247 803 4302 dem
821 4247 866 4302 die
886 4247 1039 4300 Miinohner
1058 4242 1216 4300 bibliothek
1234 4242 1281 4298 ein

128 4336 191 4392 sehr
211 4336 323 4390 sohdnes
341 4335 487 4405 exemplar
503 4336 554 4404 [2⁰.
566 4335 623 4391 Ina
636 4352 657 4389 a
668 4353 695 4390 a.
709 4336 752 4404 21]
772 4335 881 4390 besitnt.
936 4337 952 4388 3
971 4333 1054 4388 Steht
1072 4333 1124 4387 auf
1140 4333 1188 4386 der
1201 4331 1280 4386 111111-

129 4423 198 4478 seite
216 4423 266 4478 der
284 4423 355 4480 oben
374 4441 395 4476 a.
420 4424 471 4477 192
490 4441 564 4479 anm.
580 4427 596 4480 3
615 4425 780 4479 erwdhnten
797 4423 968 4488 reinsehrift,
988 4421 1097 4477 danaeh
1117 4420 1281 4491 eingereiht,

129 4527 205 4566 woau
226 4511 344 4575 stimmt,
364 4512 430 4566 dass
451 4511 500 4565 der
519 4511 593 4566 brief
611 4528 658 4566 ror
678 4529 719 4564 nr.
741 4509 775 4566 93
793 4511 881 4566 fallen
901 4527 983 4566 muse.

183 4616 289 4662 sonora.
1040 4598 1071 4654 13
