3106 5246
771 437 833 502 184

225 634 287 697 que
309 612 537 695 interrogavit:
571 611 650 678 »Dic
674 613 764 691 mihi,
788 612 976 695 adolescens,
1000 612 1064 678 fuit
1078 612 1250 698 aliquando
1276 617 1379 678 mater

223 721 280 782 tua
302 715 429 782 Rom&
467 713 607 799 Negavit
637 717 694 782 ille
729 740 788 784 nec
809 721 979 784 contentus
1011 717 1138 784 adiecit:
1183 717 1262 784 »Sed
1285 723 1380 804 pater

224 843 312 889 meus
335 843 437 905 sepe<
485 819 598 902 Quare,
621 823 791 888 reverende
816 826 924 907 pater,
947 823 1032 887 inter
1054 827 1241 889 ornamenta
1264 827 1296 889 ct
1319 846 1380 908 gc·

225 949 302 992 nera
324 925 462 1006 laudum,
484 925 688 992 laudabiliter
707 928 736 992 d.
756 950 783 993 v.
799 927 963 993 florentem
974 927 1009 1012 (l)
1033 929 1213 1011 exemplum
1237 929 1277 993 ab
1299 927 1377 992 illu·

225 1031 381 1097 strissimo
397 1030 552 1114 principe,
576 1031 662 1096 orbis
677 1036 753 1098 tunc
769 1033 976 1112 dominatore,
991 1033 1108 1099 sumite
1123 1037 1157 1099 et
1172 1055 1253 1118 equo
1269 1033 1379 1098 animo

225 1139 365 1202 iocosum
389 1135 421 1201 id
438 1157 457 1200 a
472 1136 599 1200 domino
616 1158 685 1201 meo
707 1139 808 1203 sancti
823 1137 952 1203 Sebaldi
969 1141 1000 1202 et
1015 1139 1164 1223 anagnini
1176 1144 1282 1204 vestro
1304 1159 1380 1222 pro·

226 1243 348 1328 pinquo
370 1245 535 1324 acceptare
567 1244 598 1305 et
629 1241 661 1305 in
694 1242 856 1307 meliorem
892 1246 1018 1326 partem
1042 1241 1250 1327 interpretari
1273 1242 1382 1308 velitis

227 1346 369 1412 fraterne
393 1346 513 1411 hortor.
559 1344 813 1431 Obtemperabit,
835 1354 874 1413 ut
895 1370 1001 1434 spero,
1029 1348 1162 1434 posthac
1185 1369 1384 1433 quecumque

226 1453 255 1519 d.
280 1475 308 1518 v.
337 1451 516 1535 placuerint
539 1452 572 1516 in
595 1451 741 1536 cingella.
789 1453 841 1518 Me
864 1475 937 1519 vero
960 1477 1019 1540 pro
1043 1454 1201 1537 dignitate
1212 1451 1247 1536 (1)
1274 1458 1384 1518 vestra

226 1557 265 1621 ad
294 1561 369 1622 vota
391 1557 559 1641 suscipite,
588 1558 721 1623 statuite
759 1560 791 1623 et
813 1559 977 1643 imperate.
1024 1559 1061 1624 In
1087 1557 1215 1623 Christo
1238 1557 1383 1624 omnium

226 1662 385 1727 salvatore
400 1664 429 1727 d.
445 1684 474 1729 v.
498 1683 649 1746 prospere
671 1662 777 1728 valere
801 1665 893 1748 cupio
917 1670 949 1730 et
972 1687 1022 1730 me
1046 1664 1092 1729 uti
1120 1662 1251 1748 cepistis
1266 1667 1382 1728 amate.

228 1766 275 1830 Ex
299 1765 520 1852 Nuremberga
541 1769 652 1833 sabato
676 1772 749 1851 post
773 1766 886 1834 Jacobi
909 1791 992 1836 anno
1021 1775 1080 1834 etc.
1107 1767 1230 1835 LXIX⁰.

316 1869 497 1935 Hermanus
518 1869 651 1937 Schedcl
674 1872 784 1938 doctor
810 1878 869 1938 etc.
893 1879 999 1938 vester
1022 1874 1246 1939 deditissimus.

316 1974 533 2058 (Rtickseite):
571 1975 754 2042 Clarissimo
788 1977 867 2042 iuris
900 1979 1066 2063 utriusque
1098 1979 1220 2045 doctori
1253 1978 1385 2043 domino

229 2079 351 2146 Thome
374 2079 568 2146 Pircheimer
592 2083 755 2166 preposito
778 2084 928 2149 canonico
947 2105 983 2149 ac
1009 2084 1091 2150 redis
1112 2084 1285 2168 apostolice
1308 2105 1384 2169 pro-

229 2185 391 2250 tonotario
413 2189 445 2249 et
467 2185 680 2252 referendario
706 2193 763 2253 etc.
790 2189 917 2254 domino
943 2193 974 2254 et
999 2191 1178 2274 preceptori
1201 2211 1257 2255 suo
1280 2191 1386 2255 obser·

229 2289 431 2356 vendissimo.

702 2446 911 2456 ...-...—....-.

776 2577 835 2651 84.

232 2723 425 2797 Hermann
462 2723 617 2798 Schedel
663 2748 712 2797 an
746 2725 906 2822 [Conrad
943 2725 1081 2800 Schttz
1096 2726 1137 2826 l].
1186 2725 1386 2820 Augsburg

624 2848 722 2923 1470
747 2850 888 2942 januar
917 2841 1002 2922 30¹.

590 2999 653 3054 clm.
672 2999 722 3054 441
742 2999 761 3057 f.
781 2999 857 3054 223l.
894 2999 1022 3069 (loncept.

233 3123 985 3207 Freundschaftsversicherungen.
1047 3121 1231 3188 Beileid
1276 3121 1389 3186 beim

234 3229 332 3294 tode
360 3230 438 3294 der
469 3229 623 3313 gattin
655 3229 732 3293 und
769 3228 1095 3313 gltckwunsch
1129 3247 1208 3291 aur
1240 3247 1387 3290 neuen

764 3333 854 3398 che.

321 3491 462 3558 Salutem
494 3491 665 3575 plurimam
697 3491 783 3558 dicit.
832 3490 1045 3575 Expectabam
1068 3512 1153 3556 nunc
1184 3491 1281 3574 longa
1304 3495 1388 3555 tem·

235 3602 358 3683 pestate
380 3599 413 3663 in
437 3598 513 3677 dies,
536 3598 698 3664 carissime
721 3599 749 3662 d.
774 3599 885 3664 doctor
908 3618 944 3661 ac
961 3597 1060 3661 amice
1084 3595 1245 3679 primarie,
1270 3596 1388 3660 adven·

236 3709 305 3768 tum
328 3708 468 3769 vestrum
492 3704 531 3767 ad
545 3703 735 3786 Augustam,
760 3725 831 3769 cum
848 3725 1054 3788 sepenumero
1071 3708 1103 3767 et
1118 3701 1239 3785 scripta
1254 3704 1289 3765 et
1303 3702 1390 3767 dicta

802 3873 819 3912 =l¹

301 3963 315 4017 1
330 3962 386 4016 unt
394 3960 441 4016 die
453 3979 554 4032 person
567 3963 614 4017 das
625 3963 788 4018 adressaten
799 3963 919 4034 sigeber
935 3964 992 4019 sich
1002 3963 1133 4033 lolgende
1151 3962 1390 4032 anhaltspunkte:

238 4051 275 4104 Er
292 4051 331 4106 ist
349 4050 457 4115 doktor,
471 4051 661 4121 Nlirnberger,
682 4051 738 4106 und
759 4052 828 4106 wird
848 4051 878 4107 in
889 4053 1054 4121 geschtlten
1073 4051 1123 4106 dar
1136 4049 1215 4104 stadt
1228 4050 1390 4113 verschickt

236 4140 276 4192 im
296 4137 411 4208 begriffe
439 4138 497 4192 sich
516 4157 579 4192 aum
596 4139 713 4195 zweiten
731 4140 791 4194 mal
810 4159 843 4194 au
863 4141 1047 4195 verheiraten.
1090 4139 1146 4193 Das
1165 4140 1244 4204 passt
1262 4155 1318 4193 von
1337 4138 1390 4194 den

237 4227 397 4283 bekannten
413 4225 543 4281 Schedcls
558 4243 604 4281 am
616 4228 715 4283 beaten
732 4229 784 4283 auf
794 4227 903 4290 Schdta.
923 4228 1020 4283 dessen
1033 4229 1106 4283 erste
1121 4225 1216 4282 heirat
1239 4242 1318 4280 »cum
1330 4226 1390 4280 filia

237 4313 411 4384 sigismundi
424 4312 533 4368 Ortels‹
548 4314 707 4370 Hartmann
720 4313 838 4370 Schedel
857 4315 886 4370 in
905 4314 1010 4370 scinem
1021 4313 1229 4369 hauskalender
1244 4313 1318 4384 [clm.
1327 4313 1390 4383 533]

236 4421 299 4457 zum
319 4406 344 4459 5.
362 4406 430 4471 sept.
452 4403 519 4457 1468
538 4401 634 4468 notirt,
653 4404 786 4458 wthrend
815 4402 859 4458 die
884 4403 981 4458 aweite
1003 4402 1041 4458 im
1061 4399 1222 4473 ,folgenden
1242 4400 1329 4456 briefe
1348 4417 1387 4454 er·

236 4489 333 4544 wthnt
351 4490 396 4544 ist.
