3092 5244
825 426 866 490 82

263 627 334 689 que,
359 630 420 693 que
443 608 606 672 hominem
628 606 804 672 virtutibus
827 607 948 671 clarum
967 603 1109 671 'reddere
1131 613 1281 691 possunt,
1305 630 1423 674 ornare

262 712 350 791 velis,
374 718 411 778 ut
434 718 467 778 et
489 713 696 778 fundamento
714 713 797 777 bono
812 713 969 799 acquisito
985 712 1018 776 in
1036 712 1139 777 virum
1156 714 1274 778 bonnm
1298 719 1331 778 et
1347 715 1420 778 lon-

262 817 401 883 dabilsm
424 820 555 884 eradere
582 819 692 902 possis.
738 817 860 892 Quibus
889 821 996 882 antem
1024 819 1179 885 doctrinis
1211 822 1285 902 post
1314 821 1419 902 magi-

265 923 398 987 sterium
422 928 455 988 te
478 925 553 988 dare
576 923 739 1006 proponis,
764 943 813 986 ma
829 923 894 986 tuis
916 923 1045 1006 seriptis
1060 924 1232 1008 aliquando
1248 926 1420 990 oeroiorari

260 1028 340 1092 velis
355 1029 470 1098 obnixe
486 1050 573 1114 rogo.
598 1025 671 1092 Non
687 1027 810 1106 dubito,
827 1027 904 1113 quin
921 1029 950 1094 d.
966 1028 1136 1095 dootorJo.
1154 1032 1192 1095 de
1203 1028 1420 1118 Rat[isbona],

266 1136 327 1200 tibi
350 1137 579 1202 sincerissimus
594 1134 713 1198 amiens
728 1139 766 1198 nt
779 1155 884 1216 spero,
899 1135 934 1199 in
949 1135 1021 1218 hijs,
1044 1157 1107 1220 que
1122 1140 1211 1200 tuum
1229 1157 1421 1200 concernere

262 1247 396 1325 possunt
419 1246 604 1325 proveetum
628 1244 660 1303 at
682 1239 854 1318 bonorem,
889 1240 1046 1305 sollicitus
1069 1241 1149 1320 erit,
1173 1243 1212 1306 ad
1235 1263 1331 1326 quem
1356 1264 1420 1308 non

262 1365 350 1410 seous
384 1368 481 1429 quam
513 1347 551 1410 ad
583 1347 709 1428 patrem
740 1351 772 1410 te
794 1346 827 1408 in
851 1346 987 1430 singulis
1021 1345 1197 1430 dirigendis
1221 1348 1420 1426 transmitto,

268 1473 363 1536 quem
386 1452 485 1516 eniam
509 1472 634 1536 semper
657 1452 792 1516 revereri
816 1457 853 1515 ut
867 1451 956 1528 velia,
980 1451 1121 1516 fraterne
1135 1457 1168 1514 te
1183 1451 1305 1530 hortor,
1328 1452 1422 1537 eique

262 1557 414 1621 honorem
438 1577 500 1622 non
518 1556 678 1640 exiguum,
702 1557 805 1640 quoad
822 1557 912 1636 vivis,
928 1555 1076 1621 exhibere
1092 1577 1153 1620 non
1178 1557 1314 1636 desinaS,
1339 1579 1418 1642 quo-

263 1663 349 1726 niam
375 1663 471 1741 ultra,
494 1683 588 1748 quam
613 1662 711 1740 daoat,
734 1661 908 1726 virtutibus
923 1665 956 1726 te
970 1662 1035 1726 suis
1050 1662 1178 1745 seriptis
1201 1661 1355 1727 extollere
1370 1663 1420 1727 la·

262 1769 363 1832 borat.
410 1765 491 1830 Vide
513 1787 608 1850 ergo,
640 1788 679 1830 ne
706 1768 739 1830 in
770 1789 887 1832 vanum
919 1767 978 1830 boo
1010 1767 1051 1830 ab
1077 1787 1113 1831 oo
1137 1788 1250 1830 munus
1275 1769 1421 1850 aooipere

262 1873 430 1951 merearis,
461 1875 510 1936 set
532 1872 604 1955 plns
635 1874 668 1934 to
691 1871 723 1934 id
746 1871 895 1954 generale
917 1872 1053 1937 oratoris
1085 1872 1203 1936 dictum
1228 1874 1418 1939 oonfirmet:

267 1978 427 2042 »Virtutis
450 1979 535 2043 enim
557 1978 627 2041 laus
642 1977 745 2041 omnis
767 1977 800 2039 in
817 1977 945 2041 nacione
961 1976 1138 2042 sensistin<
1187 1977 1420 2043 Adrrlesoenoia

265 2103 342 2167 ergo
367 2089 423 2147 tua
445 2104 508 2148 non
533 2081 702 2161 illecebris,
724 2102 790 2145 non
806 2082 933 2146 lascivis
955 2083 1089 2161 antibus,
1112 2085 1160 2146 set
1184 2084 1329 2167 exemplo
1352 2107 1421 2148 ma·

263 2191 364 2253 iornm
388 2193 516 2253 tuorum
539 2188 666 2252 firmare
695 2187 775 2252 velis
803 2187 895 2252 valde
913 2207 1013 2271 ¹rogo.
1060 2185 1271 2272 Consequeris
1293 2212 1331 2253 ex
1354 2189 1420 2273 hijs

262 2296 377 2359 nedum
401 2293 547 2378 gloriam,
571 2315 680 2358 verum
710 2299 742 2357 at
765 2298 843 2379 aput
866 2295 957 2358 deum
992 2299 1024 2358 et
1048 2293 1192 2358 homines
1217 2295 1419 2377 temporibus

263 2400 381 2466 futuris
405 2399 604 2482 triumphum
627 2399 799 2463 maximnm
817 2400 1006 2482 reportabis.
1045 2397 1126 2462 Vale
1138 2397 1286 2475 feliciter,
1310 2398 1419 2461 anime

263 2527 331 2570 mee
353 2526 427 2588 pars
453 2505 613 2589 precipua.

351 2611 398 2675 Ex
415 2611 561 2694 Angusta
585 2607 630 2696 [in
655 2611 795 2695 profesto
818 2611 919 2674 saneti
943 2610 1111 2697 Laurenoij
1138 2611 1289 2674 martiris.

930 2715 972 2782 N.
996 2717 1057 2781 tibi
1075 2714 1329 2796 sineerissimus]

735 2920 945 2928 m

807 3050 866 3134 37,

263 3190 457 3266 Hermann
502 3187 656 3262 Sebedel
701 3211 750 3260 an
788 3187 981 3287 [Valentin
1028 3189 1134 3262 Eber.
1216 3190 1420 3286 Augsburg

707 3311 804 3384 1460
838 3307 990 3411 sopt.].¹

570 3467 634 3525 olm.
652 3467 704 3524 224
724 3467 744 3525 f.
762 3467 812 3522 251
833 3467 953 3538 einlaga.
989 3463 1119 3538 (lonoept.

263 3591 478 3658 thnroht
500 3592 567 3657 die
591 3592 812 3675 berufnng
836 3589 964 3655 Peter
988 3589 1142 3656 bodera
1165 3593 1267 3657 naob
1295 3595 1418 3680 Auga-

293 3699 405 3781 burg
429 3719 501 3761 zur
525 3697 693 3780 bebung
716 3697 789 3760 der
811 3695 1182 3761 humanistiseben
1205 3699 1386 3763 studien.

350 3836 557 3902 Ornatissime
581 3842 758 3920 preceptor.
803 3835 882 3920 Legi
906 3836 962 3899 bas
985 3836 1097 3900 literas
1120 3838 1179 3901 tibi
1203 3860 1261 3921 per
1283 3837 1418 3906 Petrum

264 3943 368 4008 [ruder
390 3943 518 4020 missas,
554 3963 631 4025 quas
663 3941 748 4004 omni
780 3946 896 4006 ornatu
923 3942 1091 4006 verborum
1124 3948 1156 4007 et
1182 3935 1418 4009 sentenciarum

264 4049 400 4132 seriptas
424 4068 545 4126 censeo,
568 4051 601 4111 et
624 4046 739 4129 planet,
756 4051 792 4110 ut
808 4048 913 4130 ipsum
929 4048 1058 4131 seriptis
1074 4048 1138 4112 tuis
1153 4049 1191 4111 ad
1216 4046 1318 4114 looum
1343 4072 1419 4132 pre-

263 4159 383 4217 sentem
407 4151 553 4217 veniendi
578 4153 765 4236 quantocius
795 4152 931 4216 invitare
954 4175 1017 4217 non
1041 4156 1224 4236 postponas.
1273 4153 1419 4219 Habebit

334 4363 347 4414 1
368 4361 485 4415 Adresse
504 4360 561 4414 und
579 4359 678 4414 datum
704 4361 776 4415 nach
800 4303 864 4414 dein
888 4378 943 4415 von
963 4359 1151 4413 Wattsnbaob
1181 4360 1322 4426 [Ztsohrlt.
1341 4361 1361 4415 f.
1383 4363 1418 4416 G.

263 4450 312 4502 des
331 4447 592 4515 OberrheinsXXIl,
614 4449 675 4519 111]
695 4448 907 4518 abgedruoktan
927 4447 999 4502 brief
1016 4445 1120 4499 Luders
1143 4463 1180 4500 an
1200 4443 1282 4501 dher.
1319 4445 1421 4502 Damit

263 4535 372 4589 stimmt
392 4535 436 4589 die
455 4535 580 4605 stellung
597 4535 636 4591 im
657 4537 741 4593 codex
760 4555 783 4591 s,
799 4536 845 4591 die
862 4535 957 4604 vorige
976 4553 1018 4588 nr.
