3106 5252
816 479 856 544 18

260 661 358 734 tuam,
381 655 549 733 iusticiam,
573 655 681 732 fidem,
706 655 868 737 pietatem,
892 653 1151 735 temperanciam,
1175 653 1410 736 iutegritatem,

259 761 493 844 plurimamque
518 760 709 823 industriam
733 764 765 823 et
792 758 995 841 sapienciam,
1019 757 1060 820 ob
1085 757 1167 840 quod
1192 762 1224 819 et
1246 757 1312 820 vite
1335 779 1407 820 cau-

259 866 323 928 tius
347 865 518 930 declinabis
534 865 627 943 mala,
652 870 683 927 et
698 863 826 948 fugabis
850 865 890 927 ab
906 861 987 944 alijs,
1012 883 1090 945 quos
1113 861 1266 925 divinitus
1288 859 1407 925 collata

258 970 318 1033 tibi
342 971 514 1034 auctoritas
529 969 706 1052 supposuit.
752 967 865 1053 Itaque
888 968 1035 1032 universa
1050 967 1117 1031 vita
1139 971 1195 1030 tua
1210 966 1406 1051 singularem

258 1097 381 1158 semper
404 1097 493 1139 usum
527 1075 641 1137 habuit
664 1074 844 1156 prudencie.
890 1072 946 1137 Set
968 1094 1071 1136 mores
1098 1071 1310 1155 institutaque
1331 1071 1406 1149 vite,

260 1179 374 1263 quibus
405 1179 557 1262 privatim
589 1180 674 1242 intra
705 1178 876 1242 domestica
909 1177 1088 1261 penetralia
1117 1177 1155 1240 ad
1178 1182 1211 1240 te
1243 1181 1408 1260 totamque

259 1284 412 1346 familiam
435 1283 526 1346 fuisti
550 1283 781 1360 ornatissimus,
805 1283 909 1346 dicere
925 1283 1048 1346 omitto.
1095 1279 1258 1365 Siquidem
1282 1282 1313 1344 in
1332 1282 1408 1344 meis

260 1387 430 1469 ephimeris
460 1409 496 1450 ea
526 1387 651 1470 plenius
687 1386 907 1470 copiosiusque
930 1385 1042 1448 metris
1066 1384 1183 1468 ligavi,
1213 1419 1248 1430 -
1273 1407 1406 1469 quorum

260 1493 412 1556 memoria
434 1514 496 1556 non
521 1515 570 1556 me
593 1493 657 1555 iam
673 1491 878 1574 subterfugit,
902 1494 938 1553 ut
960 1491 1073 1554 horum
1090 1489 1263 1572 aliquando
1285 1510 1406 1554 correc-

261 1597 396 1660 tioribus
408 1598 571 1660 intendam
581 1633 622 1644 -
633 1620 693 1681 que
706 1597 766 1661 tibi
778 1597 901 1661 utinam
912 1596 1123 1680 placidissime
1138 1596 1320 1659 cecinissem
1333 1647 1341 1662 .
1355 1647 1362 1661 .
1378 1644 1385 1659 .
1399 1645 1405 1657 .

262 1702 361 1788 [folgt
383 1702 433 1766 ein
461 1703 514 1766 lob
546 1704 600 1766 der
627 1703 784 1783 tugenden
813 1697 1104 1786 Gossembrots]...
1129 1699 1211 1764 Sane
1233 1701 1295 1784 hijs
1318 1701 1407 1764 adiu-

263 1809 396 1872 tricibus
414 1807 495 1873 banc
512 1814 652 1871 veterem
668 1805 916 1888 rempublicam,
937 1827 1031 1887 quam
1048 1805 1105 1868 deo
1121 1804 1248 1869 favente
1265 1806 1302 1888 [f.
1319 1805 1409 1888 295b]

262 1911 338 1977 licet
360 1913 497 1975 dirutam
523 1913 584 1976 iam
610 1912 736 1996 iamque
760 1910 969 1994 conspicimus
986 1910 1133 1991 —longo
1149 1915 1292 1993 tempore
1314 1911 1411 1974 fuisse

261 2017 405 2080 floridam
429 2038 633 2100 sepenumero
656 2017 749 2079 testis
772 2023 819 2079 est
845 2014 1011 2079 Salustius.
1058 2013 1171 2099 Neque
1194 2017 1234 2079 ob
1257 2016 1336 2080 alias
1360 2037 1409 2080 res

262 2121 352 2185 Maro
376 2128 492 2200 noster,
517 2123 642 2205 quando
666 2144 745 2185 suas.
761 2122 907 2204 proprias
924 2120 1122 2184 condiciones
1144 2121 1283 2204 regionis
1307 2121 1411 2186 cuius-

261 2228 346 2309 piam
363 2225 527 2290 definiret:
562 2226 629 2291 »Tu
647 2249 767 2312 regere,
791 2227 908 2310 inquit,
931 2226 1066 2308 imperio
1089 2227 1234 2308 populos
1260 2225 1410 2306 Romane,

261 2338 430 2396 memento.
465 2331 533 2396 Hec
550 2332 610 2395 tibi
630 2338 713 2396 artes
729 2337 823 2395 erunt
840 2331 989 2414 pacisque
1001 2332 1163 2413 imponere
1175 2354 1319 2396 nomen<
1344 2331 1411 2397 Hoc

261 2459 356 2520 quam
379 2436 630 2520 pulcherrimum
647 2437 816 2519 imperium
840 2435 913 2510 fuit,
937 2435 1011 2498 dum
1047 2437 1161 2499 morati
1186 2437 1335 2522 doctique
1358 2458 1409 2500 ca-

261 2545 424 2624 pesserent
440 2541 529 2620 illud,
553 2542 671 2604 iterum
694 2541 853 2624 gloriatur
865 2538 974 2604 Cicero
992 2562 1052 2623 pro
1069 2563 1114 2619 eo,
1140 2543 1223 2626 quod
1240 2543 1411 2625 plurimam

262 2647 435 2710 utilitatem
475 2648 544 2729 ipse
576 2647 706 2731 ingenio
739 2646 964 2729 probitateque
998 2667 1055 2708 sua
1084 2647 1265 2712 contulerit.
1326 2647 1413 2711 Dicit

262 2776 398 2838 namque
408 2755 445 2817 ad
456 2752 491 2828 Q.
503 2751 647 2832 fratrem,
664 2753 784 2818 factum
795 2753 1041 2837 gubernatorem
1052 2751 1147 2837 Asye,
1164 2774 1411 2817 commemorans

263 2861 393 2923 comoda
408 2861 562 2942 sapientie
578 2865 610 2922 et
628 2860 757 2923 virtutis
774 2861 819 2922 rei
842 2859 969 2941 publice
992 2858 1173 2940 profutura:
1200 2857 1252 2922 »Si
1269 2859 1314 2922 eis
1338 2858 1411 2921 talis

262 2965 403 3028 condicio
427 2965 509 3028 inest
531 2965 675 3029 doctrine
700 2969 732 3028 et
756 2985 891 3041 morum,
916 2963 969 3047 qui
993 2962 1127 3044 imperio
1151 2963 1217 3026 eius
1240 2963 1410 3045 preficiun-

262 3073 324 3145 tur,
349 3069 487 3152 qualiter
504 3068 571 3152 ipse
588 3069 739 3151 profuit,«
758 3069 813 3148 ait,
830 3069 972 3153 inquam,
992 3068 1075 3151 quod
1092 3067 1225 3132 fortasse
1240 3067 1411 3152 aliquando

263 3173 408 3236 universe
432 3175 477 3237 rei
502 3174 629 3257 publice
652 3174 821 3256 contingit,
857 3179 893 3236 ut
918 3173 969 3236 hic
992 3171 1118 3236 meam¹
1142 3167 1295 3237 summam
1319 3178 1409 3256 pote·

262 3281 375 3340 statem
401 3278 550 3355 haberet,
584 3280 634 3343 cui
664 3279 697 3342 in
731 3280 884 3358 doctrina,
907 3278 958 3342 cui
980 3279 1014 3341 in
1037 3279 1156 3342 virtute
1179 3284 1276 3363 atque
1299 3279 1413 3343 huma·

264 3384 365 3447 nitate
394 3382 598 3466 percipienda
636 3385 809 3467 plurimum
847 3407 866 3448 a
899 3384 1041 3468 puericia
1075 3383 1170 3466 studij
1207 3383 1346 3468 fuisse[t]
1382 3388 1413 3446 et

264 3489 424 3570 temporis.
481 3487 584 3563 Quare
617 3491 758 3573 pulcrius
795 3497 830 3554 tu
852 3491 1046 3574 gubernabis
1076 3496 1200 3573 sceptra
1222 3490 1415 3567 tribunatus,

263 3593 394 3657 consilio
428 3593 554 3657 adiutus
581 3597 793 3660 ‘scientiarum
829 3602 860 3659 et
882 3595 1178 3678 probatissimorum
1202 3617 1334 3660 morum.
1380 3593 1416 3658 Si>

262 3703 346 3761 artes
369 3699 401 3760 in
425 3699 538 3781 primis
572 3702 643 3765 volo
673 3702 867 3779 meminisse,
902 3722 982 3784 quae
1014 3705 1046 3764 te
1067 3701 1250 3779 oblectant,
1287 3699 1414 3764 invenio

262 3801 407 3884 profecto
419 3805 590 3868 maximum
607 3811 769 3870 tesaurum
786 3807 955 3870 literarum
972 3806 1004 3868 in
1029 3811 1061 3869 te
1076 3807 1281 3870 cumulatum.
1304 3803 1413 3868 Habes

263 3929 321 3989 pro
344 3907 551 3973 fundamento
575 3911 772 3975 beatissimas
796 3912 916 3990 literam,
947 3933 1008 3994 que
1024 3911 1173 3975 erudiunt
1196 3912 1235 3974 ad
1260 3910 1412 3974 eternita-

263 4019 337 4093 tem,
351 4017 467 4099 quibus
479 4023 666 4081 ornamenta
683 4017 873 4082 elocucionis
885 4016 1068 4095 adiunxisti,
1084 4020 1120 4080 ut
1131 4016 1291 4099 perfectus
1304 4015 1414 4079 rhetor

263 4126 434 4205 oratorque
458 4123 489 4185 in
513 4123 601 4186 omni
623 4143 739 4206 genere
757 4121 881 4185 dicendi
905 4122 1132 4208 integerrimus
1150 4122 1294 4187 videaris.
1331 4120 1415 4196 Quas

265 4227 392 4310 quidem
417 4232 557 4290 artes-
574 4228 600 4290 si
624 4228 669 4290 ita
694 4226 756 4291 dici
779 4227 894 4290 debent
909 4263 952 4273 -
967 4227 1215 4310 preclarissimas
1242 4225 1414 4310 fraglanti-

262 4329 345 4395 bus’
370 4333 504 4396 adornas
528 4333 695 4412 coloribus,
719 4336 756 4396 ut
778 4336 862 4396 recte
885 4353 1011 4412 omnes,
1036 4332 1091 4417 qui
1115 4332 1312 4417 dulciloquos
1335 4329 1415 4394 sales

336 4560 348 4614 l
369 4557 462 4611 Statt:
480 4555 510 4608 in
529 4573 601 4610 eam.
673 4559 690 4611 2
709 4580 743 4607 =
760 4483 890 4628 fragiare
908 4575 929 4609 s.
953 4555 1141 4620 Dicffenbach,
1160 4557 1282 4612 Glossar.
1303 4575 1323 4612 s.
1342 4557 1370 4611 h.
1389 4575 1414 4609 v.
