3106 5246
814 736 874 807 77.

273 883 465 955 Hermann
480 880 634 954 Schedel
648 903 697 953 an
709 881 902 977 [Valentio
913 883 1022 956 Eber.
1062 884 1097 957 N
1099 882 1260 976 umberg
1274 881 1399 977 1467}
1416 898 1428 932 ¹

636 1035 699 1089 olm.
719 1036 769 1089 441
790 1035 809 1090 f.
829 1037 889 1090 217.
926 1037 1057 1108 concept.

271 1160 404 1242 Klage
441 1160 548 1224 tiber
585 1159 663 1224 den
701 1160 831 1225 streit
863 1160 1118 1246 Augsburgr
1152 1162 1230 1226 mit
1263 1160 1431 1246 herzog

272 1265 430 1348 Ludwig
452 1285 528 1328 von
553 1262 714 1328 Beiern.
771 1263 1035 1351 Erwerbung
1058 1268 1180 1333 eines
1203 1266 1430 1332 Valerius

735 1369 969 1436 Maximus.

359 1510 472 1575 Salvus
495 1509 575 1586 sitis,
598 1508 647 1574 vir
670 1507 852 1573 clarissime.
905 1508 1039 1575 Reddite
1062 1515 1136 1576 sunt
1159 1511 1238 1574 mihi
1263 1514 1430 1593 exspecta-

272 1619 395 1682 tissimo
420 1616 686 1699 ornatissimeque
720 1614 813 1679 litere
835 1619 954 1694 vestre,
979 1638 1058 1700 quas
1084 1615 1167 1699 legi,
1190 1618 1353 1699 aesopius
1376 1637 1430 1678 re-

271 1724 372 1806 petite
394 1721 495 1804 gratie
517 1719 606 1785 fuere
628 1721 731 1804 magis
753 1724 850 1805 atquo
875 1721 986 1806 magis.
1033 1719 1127 1786 Nune
1159 1722 1235 1805 quid
1258 1721 1429 1785 suavitatis

272 1828 417 1892 ornative
428 1827 583 1891 sermonis
598 1826 764 1891 scribendo
780 1827 907 1891 mittam
917 1827 1031 1910 ignoro
1040 1875 1145 1893 ......
1156 1824 1320 1890 Valerium
1335 1847 1429 1889 nam-

273 1954 334 2017 que
351 1931 523 1996 Muximum
548 1951 620 1994 oum
637 1935 825 2009 commento,
851 1953 942 2015 quem
967 1931 1126 1996 enotario
1150 1929 1358 2016 Moiimairtt)
1391 1931 1427 1994 in

274 2039 394 2123 pignus
420 2042 506 2112 tuno,
531 2056 593 2118 quo
616 2036 776 2101 vobiscum
801 2057 896 2116 eram,
920 2037 1093 2120 recepistis,
1115 2038 1142 2102 si
1165 2038 1192 2101 is
1214 2036 1334 2102 venalis
1357 2058 1429 2099 um-

275 2165 371 2228 quam
395 2141 504 2222 fuerit‚
528 2163 714 2224 comparare
736 2141 818 2205 mihi
841 2162 905 2206 non
927 2142 1110 2218 omittatis„

362 2246 510 2311 Ceterum
535 2246 567 2309 in
602 2246 726 2309 diutina
748 2247 809 2310 iam
826 2247 1047 2330 perseeutione
1071 2248 1159 2312 duois
1182 2268 1260 2332 erga
1286 2246 1429 2311 dominos

272 2373 359 2419 meos
370 2351 588 2437 Augustenses
607 2352 826 2435 preterfugere
842 2373 973 2436 nequeo,
996 2357 1033 2416 ut
1057 2374 1120 2417 non
1136 2351 1307 2436 aliquando
1323 2352 1429 2417 auimo
1543 2345 1544 2380 *

274 2459 416 2544 graviter
440 2477 582 2540 angerer.
630 2455 714 2521 Nam
729 2477 801 2522 oum
830 2458 935 2541 sepius
957 2457 990 2521 iu
1007 2462 1147 2523 mentem
1162 2458 1259 2537 venit,
1283 2457 1429 2521 secundis

276 2564 450 2629 amicorum
475 2563 570 2626 rebus
592 2584 643 2626 me
667 2568 795 2647 tempus
817 2563 986 2627 iocundum
1004 2563 1169 2629 deduxisse
1192 2563 1307 2647 sepius,
1332 2584 1428 2647 quam

275 2693 400 2737 neeesse
422 2673 475 2750 sit,
498 2669 644 2755 profecto
660 2674 693 2734 et
708 2669 847 2734 adversis
864 2691 938 2754 egre
960 2691 1086 2736 moveor
1096 2668 1151 2752 (t),
1174 2688 1244 2732 oum
1261 2672 1293 2732 et
1316 2669 1349 2730 in
1368 2667 1429 2732 hoo

276 2777 445 2861 presertim
469 2774 610 2839 amicicie
635 2795 750 2838 munus
775 2795 841 2838 esse
867 2775 964 2838 seiam
978 2773 1001 2837 ².
1047 2773 1203 2839 Oondolet
1225 2778 1257 2838 et
1279 2773 1429 2838 universa

274 2882 329 2946 hio
353 2880 475 2946 civitas.
523 2878 622 2943 Deest
644 2878 739 2962 ipsos,
765 2879 819 2961 qni
843 2880 889 2943 rei
909 2878 1037 2962 publioe
1053 2882 1197 2963 presunt,
1220 2878 1252 2941 in
1277 2883 1343 2942 tam
1368 2879 1427 2942 im-

275 3006 369 3048 mane
400 2988 432 3048 et
465 2984 561 3048 ferooi
594 2983 815 3066 perseouoione
844 2982 961 3048 fortem
985 2984 1116 3048 induere
1142 2983 1302 3063 animum,
1336 2988 1374 3047 nt
1398 2989 1429 3047 et

276 3090 372 3154 ceteri
397 3089 430 3151 in
457 3089 543 3172 ipsos
558 3088 788 3171 prospieientes
811 3088 955 3171 exemplo
971 3109 1079 3153 eorum
1103 3087 1355 3152 consolacionem
1378 3109 1430 3152 ac·
1542 3151 1543 3160 ,

276 3195 414 3276 cipiunt,
443 3194 526 3278 quod
551 3199 583 3257 et
611 3215 676 3271 vos,
709 3193 764 3278 qui
785 3193 919 3276 vulgare
949 3193 1032 3258 nihil
1058 3194 1172 3278 sapitis
1196 3197 1244 3258 set
1265 3198 1301 3258 ut
1323 3193 1431 3258 virum
1542 3187 1543 3254 l

277 3300 469 3382 prudentem
491 3298 626 3364 afflictos
642 3299 822 3382 fractosque
848 3298 955 3363 animo
978 3300 1125 3364 oracione
1150 3304 1264 3378 vestra,
1288 3298 1337 3362 uti
1354 3321 1429 3363 oon·
1542 3297 1543 3328 ³

277 3404 441 3485 suevistis,
464 3404 569 3470 levare
593 3426 654 3469 non
679 3404 798 3490 pigeat.
845 3403 961 3470 Veniet
983 3411 1108 3488 tempus
1132 3405 1342 3488 insperatum,
1367 3423 1430 3488 qno

277 3514 391 3575 cuneta
413 3508 455 3590 dij
481 3509 514 3573 in
538 3508 652 3573 melius
676 3512 803 3572 vertant
826 3512 858 3573 ot
873 3507 937 3590 hijs
953 3514 1019 3573 tam
1035 3507 1195 3573 atrocibus
1221 3508 1315 3572 rebus
1333 3507 1430 3572 finem

276 3616 453 3698 imponant.

365 3718 536 3785 Outiuam
570 3719 684 3784 vestris
715 3719 866 3783 interesse
894 3738 1017 3802 possem
1051 3718 1263 3783 ornatissimis
1291 3717 1428 3802 faoeeijs‚

278 3861 322 3872 --
337 3847 398 3908 que
421 3845 478 3890 neo
501 3825 554 3891 hio
576 3825 691 3890 desunt
704 3859 749 3872 —
770 3823 931 3888 vobiscum
957 3823 1181 3889 confabularer
1198 3828 1241 3888 et
1263 3824 1350 3888 inter
1372 3845 1428 3908 po-

278 3931 409 3994 tandum
432 3928 632 3994 fecundiores
654 3928 767 3993 oslioes
783 3928 950 3992 exhaurire
974 3928 1104 3992 minime
1126 3928 1339 4012 pigritarer³.

844 4080 860 4117 >k

353 4160 362 4208 l
384 4156 501 4211 Adresse
514 4155 587 4211 nach
597 4173 638 4209 nr.
647 4155 688 4210 81.
725 4155 775 4209 Dio
788 4153 950 4224 J'ahreszahl
960 4154 1031 4210 oben
1045 4154 1095 4208 aud
1106 4153 1168 4208 dem
1178 4153 1279 4208 blatto.
1334 4152 1428 4206 2Sohr

278 4245 357 4300 stari(
376 4243 514 4314 corrigirt‚
533 4243 621 4298 daher
640 4243 775 4298 uneioher.
848 4243 865 4296 3
884 4241 949 4311 vgl.
969 4242 1040 4297 oben
1059 4259 1101 4296 nr.
1121 4246 1137 4296 5
1159 4257 1205 4294 am
1224 4239 1354 4295 schlusso.
