3106 5252
757 486 845 550 ·40

250 661 364 744 degere
387 659 520 724 credam.
568 659 729 725 Neutrum
760 659 875 725 horum
905 661 1020 727 nedum
1047 684 1066 725 a
1089 664 1121 725 te
1143 661 1197 727 sed
1220 682 1279 726 uec
1304 669 1322 724 a
1345 683 1401 744 pa-

250 769 324 829 truo
339 768 449 829 nostro
464 763 648 850 intelligere
663 765 765 849 potui,
788 765 887 845 cuius,
912 766 960 830 uti
982 771 1047 840 tua.
1069 788 1234 851 nunquam
1258 766 1342 850 apud
1353 787 1403 832 me

251 874 498 955 comparuerunt
521 871 651 955 scripta,
675 891 740 936 nou
756 891 844 936 secus
867 871 1004 956 quamsi
1026 871 1239 937 alienissimus
1260 871 1402 936 omnium

250 980 391 1041 vestrum
418 995 527 1041 essem.
583 973 698 1040 lnsteti
722 975 911 1060 quandoque
938 977 1017 1042 meis
1045 996 1122 1060 erga
1151 980 1182 1041 te
1206 976 1344 1061 scriptis,
1367 980 1403 1041 ut

251 1103 379 1166 operam
407 1080 522 1146 bonnm
545 1081 578 1145 in
602 1079 811 1146 fundamento
847 1081 1055 1165 grammatice
1077 1081 1213 1147 sciencie
1235 1078 1350 1147 dares¹
1372 1085 1404 1146 et

251 1187 290 1251 de
311 1185 463 1271 gradibus
485 1185 615 1250 minime
637 1207 773 1266 curares,
796 1187 945 1271 quoniam
968 1187 1078 1252 statim
1094 1186 1304 1253 fundamento
1320 1186 1402 1250 bono

253 1292 362 1356 habito
385 1291 535 1374 placeret,
566 1293 602 1355 ut
625 1292 823 1376 quamtocius
849 1293 1029 1358 calentibus
1059 1292 1173 1375 studijs
1197 1297 1229 1356 et
1251 1291 1404 1357 doctrinis

254 1394 428 1462 scolasticis
451 1400 615 1480 tamquam
637 1396 827 1462 adiumentis
848 1397 885 1462 ad
910 1398 1036 1477 alciora¹
1060 1419 1154 1482 quarn
1178 1397 1211 1460 in
1234 1395 1296 1480 hijs
1311 1396 1401 1460 vanis

253 1503 409 1582 insistere,
432 1501 574 1566 animum
598 1500 759 1586 applicare
781 1503 876 1567 velles
893 1507 926 1567 et
947 1502 1141 1568 adYtaliam
1157 1501 1323 1584 proficisci,
1347 1501 1401 1565 ubi

253 1610 286 1673 in
321 1611 405 1674 etate
437 1611 494 1671 tua
515 1605 647 1670 iuvenili
671 1606 705 1670 in
727 1607 840 1672 multis
875 1608 907 1672 in
939 1609 1044 1673 virum
1075 1627 1226 1692 magnum
1259 1627 1399 1671 crescere

255 1734 360 1798 posses
384 1716 415 1778 et
438 1711 542 1796 magis
564 1734 658 1796 quam
690 1712 883 1796 garrulitate
906 1713 1172 1798 dyalecticorum‚
1196 1733 1256 1795 que
1281 1711 1403 1777 nullum

254 1821 350 1884 finem
383 1817 535 1882 habitura
568 1821 635 1896 est,
668 1818 814 1883 insistere
860 1824 893 1883 et
925 1819 963 1884 de
985 1818 1091 1884 eadem
1120 1817 1262 1902 gloriari.
1308 1816 1404 1882 crede

256 1923 344 2001 mihi,
369 1923 453 2006 quod
468 1922 576 1987 eadem
592 1922 767 2007 garrulitas
784 1925 894 2008 inepta
909 1961 952 1970 —
968 1922 1090 1988 utinam
1106 1923 1208 1986 solum
1234 1920 1308 2005 hijs,
1333 1921 1402 2006 qui-

255 2030 313 2094 bus
338 2048 454 2112 rugosa
476 2027 563 2092 frons
588 2033 620 2092 et
643 2029 698 2113 qui
721 2028 803 2092 albis
826 2029 968 2093 existunt
985 2026 1111 2111 capillis
1133 2027 1289 2091 insaniam
1306 2026 1403 2090 infer·

255 2139 313 2213 ret,
336 2135 363 2197 si
380 2155 444 2198 non
460 2133 647 2217 quandoque
663 2133 897 2199 nobilissimum
931 2132 1167 2198 adolescentum
1181 2130 1215 2218 (l)
1240 2131 1402 2218 ingenium

258 2244 484 2324 corrumperet.
530 2237 652 2304 Omitto
676 2242 708 2303 et
731 2239 809 2304 alias
830 2238 966 2304 maiores
989 2237 1137 2317 insanias,
1162 2259 1239 2322 quas
1262 2235 1402 2320 quando·

255 2369 316 2430 que
353 2345 503 2429 parturit.
575 2343 675 2428 Cupio
722 2366 942 2428 summopere,
986 2348 1042 2410 tua
1079 2342 1269 2427 quaudoque
1307 2341 1403 2404 visere

255 2451 395 2536 scripta,
432 2473 492 2535 que
522 2450 550 2513 si
581 2450 671 2515 video
706 2450 888 2534 gratissima
919 2455 1034 2528 erunt,
1073 2449 1171 2513 eciam
1209 2446 1404 2532 qualiacum-

256 2579 317 2642 que
339 2555 468 2623 iuerint.
528 2554 664 2620 Demum
687 2558 723 2619 ut
755 2555 951 2638 presencium
982 2553 1192 2618 exhibitorem
1220 2549 1261 2616 N.
1287 2550 1405 2616 tibiae

258 2662 412 2745 magistro
434 2664 490 2724 tuo
521 2664 577 2724 aut
601 2660 654 2724 ubi
677 2663 870 2744 oportunum
902 2660 961 2725 tibi
992 2659 1172 2737 videbitur,
1211 2677 1402 2723 recommen-

257 2768 366 2832 datum
389 2766 506 2831 habere
529 2765 606 2830 velis
629 2765 744 2830 obnixe
766 2786 854 2851 rogo.
902 2765 959 2831 Est
984 2765 1068 2829 enim
1096 2763 1135 2828 de
1159 2762 1249 2828 bonis
1272 2761 1326 2826 hie
1349 2783 1403 2844 pa·

257 2872 401 2938 rentibus
423 2892 460 2936 ac
481 2870 623 2935 honestis
646 2893 683 2937 ac
705 2871 964 2936 habundantibus
990 2875 1093 2949 natus,
1117 2869 1206 2934 cuius
1229 2871 1332 2931 mater
1355 2865 1401 2929 vi-

258 2979 320 3043 dua
352 2977 531 3062 fratresque
559 2977 666 3059 plures
701 2979 889 3040 mercatores
923 2974 1037 3051 habet,
1067 2973 1274 3058 singulariter
1307 2970 1403 3035 michi

257 3084 400 3148 faventes
434 3085 466 3146 et
500 3081 671 3146 coniuncti.
730 3080 791 3145 Mei
816 3082 917 3165 igitur
940 3081 1061 3145 intuitu
1092 3101 1162 3144 eum
1185 3077 1403 3144 commendare

258 3186 336 3253 velis
358 3208 424 3266 oro,
447 3186 504 3250 ubi
525 3187 658 3252 honeste
673 3187 834 3271 vitamque
857 3185 1049 3250 laudabilem
1073 3205 1217 3251 exercere
1233 3182 1353 3267 poterit
1368 3202 1404 3244 ao

259 3293 364 3358 studio
388 3291 467 3357 artis
490 3292 646 3358 insistere.
692 3291 863 3357 Exhibebis
880 3292 959 3356 mihi
976 3292 1008 3355 in
1033 3291 1095 3375 hijs
1111 3311 1177 3353 rem
1194 3290 1305 3372 utique
1328 3307 1403 3370 gra·

258 3399 421 3463 tissimam.
468 3397 565 3462 Mitto
596 3399 655 3463 tibi
678 3419 749 3462 cum
774 3399 881 3462 eodem
905 3397 982 3462 duos
1006 3393 1059 3463 α’
1096 3397 1203 3473 bonos,
1236 3413 1315 3477 quos
1340 3396 1407 3469 tuo,

260 3504 309 3570 uti
331 3502 501 3584 videbitur,
524 3504 595 3568 usui
617 3504 784 3588 usurpabis
807 3508 866 3569 eto.
913 3501 1059 3568 Salutare
1082 3500 1223 3586 digneris
1245 3499 1274 3564 d.
1299 3498 1405 3563 doato·

259 3633 324 3674 rem
340 3608 382 3674 N.
399 3607 517 3676 ΜΗ.
541 3609 682 3694 aliosque
715 3610 776 3674 tibi
799 3610 994 3674 coniunctos.
1052 3606 1115 3672 Oro
1139 3611 1175 3672 ut
1197 3611 1230 3671 et
1253 3603 1407 3688 proximis

259 3716 323 3779 tuis
345 3714 473 3798 seriptis
497 3737 547 3779 me
570 3715 737 3779 cerciorari
759 3714 838 3778 velis
863 3715 900 3778 de
926 3713 1106 3778 valetudine
1129 3733 1166 3776 ac
1188 3730 1332 3776 successu
1350 3711 1405 3772 tuo

260 3841 420 3905 prospero.
467 3819 599 3904 Raptim
622 3843 660 3885 ex
686 3821 862 3904 A[ugusta]
900 3821 1045 3903 proxima
1067 3820 1117 3884 die
1139 3822 1213 3882 ante
1243 3813 1408 3899 Lamperti

260 3947 343 3990 anno
365 3924 484 3989 domini
508 3930 567 3990 etc.
592 3925 709 3992 LVIII.

346 4028 501 4114 lnstigavi
524 4052 730 4115 sepenumero
760 4037 910 4116 patruum
934 4038 1089 4110 nostrum,
1113 4034 1150 4094 ut
1175 4027 1246 4093 N.‘
1270 4025 1404 4091 fratrem

260 4143 350 4203 tuum
367 4131 519 4199 Venecias
534 4151 641 4194 versus
658 4130 810 4211 mitteret,
833 4132 887 4196 sed
902 4130 948 4195 nil
972 4130 1124 4214 proficere
1142 4151 1191 4193 me
1205 4132 1286 4196 meis
1307 4131 1407 4214 scrip·

262 4243 305 4308 tis
328 4246 424 4325 atque
441 4235 703 4303 adoracionibus⁵
726 4237 818 4303 sensi.
854 4235 980 4316 Nescio,
997 4236 1073 4321 quid
1089 4256 1194 4301 secum
1210 4236 1313 4301 facere
1337 4259 1407 4320 pre·

825 4376 842 4413 *

332 4483 345 4535 1
366 4482 391 4537 S.
410 4480 482 4536 oben
500 4497 542 4536 nr.
561 4481 585 4535 8.
687 4479 836 4536 temous?
855 4498 875 4536 s.
896 4480 968 4538 oben
986 4497 1027 4537 ur.
1048 4480 1072 4535 8.
1181 4480 1198 4534 3
1216 4477 1409 4566 magistrumn?

265 4571 283 4624 4
301 4568 466 4628 iohannem.
538 4569 554 4624 5
573 4567 821 4630 adortaeiouibus?
