3092 5244
667 449 729 514 137

7 705 8 712 ἵ
126 627 164 690 ad
189 623 349 690 Lucillum
373 623 510 706 epistula
525 626 647 708 prima:
673 624 834 688 »Primum
855 624 1079 703 argumentum
1097 617 1175 680 bene
1191 630 1275 676 com-

7 757 8 826 }
123 733 226 816 posite
251 729 364 795 mentis
388 751 463 810 esse,
485 753 578 814 posse
601 752 706 796 secum
730 729 900 796 consistere
938 730 971 790 et
998 745 1101 788 secum
1125 716 1272 786 morari«

7 827 8 864 ³
124 836 291 921 Nusquam
308 834 390 898 enim
408 840 465 914 est,
490 837 544 921 qui
568 837 687 921 ubique
710 839 767 900 cst.
817 834 909 912 Audi,
937 851 1058 916 precor,
1083 827 1159 913 quid
1175 822 1276 888 Fran-

124 941 224 1006 ciscus
240 938 413 1004 Petrarcha
436 941 474 1004 de
486 942 612 1024 incepto
632 942 698 1006 vite
714 939 952 1024 perseverancia
975 935 1098 1012 scribit,
1120 933 1158 996 de
1174 928 1276 1004 melis,

125 1067 185 1130 que
208 1046 242 1109 in
266 1045 398 1110 urbibus
420 1045 513 1126 fiunt,
540 1069 602 1131 que
626 1069 676 1110 me
699 1050 731 1110 et
752 1051 784 1110 te
807 1065 844 1110 ac
860 1041 1035 1128 quemlibet
1059 1038 1166 1104 eodem
1190 1031 1276 1116 aspi-

124 1146 275 1236 rante[m]
284 1149 390 1214 auimo
402 1151 442 1214 ab
454 1149 547 1215 huius
562 1151 670 1216 mundi
682 1149 877 1214 vanitatibus
887 1135 1222 1212 meritcretraberent¹
1234 1187 1239 1200 .
1252 1183 1277 1200 ..

211 1253 377 1320 Postremo
406 1259 444 1319 ut
476 1255 526 1318 his
549 1255 676 1320 invictis
700 1253 791 1318 malis
816 1253 982 1329 resistere,
1018 1249 1154 1313 virtutes
1176 1243 1278 1308 colere

5 1412 9 1429 .
124 1360 377 1446 religionemque
399 1365 542 1424 sanctam
570 1360 714 1424 venerari
735 1359 904 1436 valeamus,
934 1359 1067 1422 mortem
1082 1353 1195 1435 ipsam,
1218 1367 1279 1429 que

124 1465 198 1529 finis
215 1460 250 1550 [f.
266 1464 358 1547 265⁶]
382 1465 521 1530 omnium
546 1464 702 1531 malorum
726 1468 783 1544 est,
808 1467 889 1527 teste
918 1458 1073 1546 apostolo,
1096 1455 1279 1539 frequenter

6 1630 10 1655 Ι
126 1569 273 1634 meditari
297 1591 418 1646 censeo,
443 1591 589 1655 quacum
604 1571 688 1636 inter
712 1569 855 1635 timenda
881 1567 1094 1652 principatum
1111 1558 1279 1643 possideat,

6 1672 9 1697 '
125 1675 226 1758 ipsius
257 1676 476 1759 compendiosa
507 1678 687 1742 recordacio
723 1697 785 1740 non
810 1673 950 1750 sufficit,
987 1669 1040 1734 sed
1073 1667 1155 1731 circa
1177 1662 1278 1746 ipsam

127 1781 248 1844 diucius
272 1781 436 1844 immorari
463 1786 591 1866 oportet
622 1787 718 1868 atque
742 1781 897 1846 acerrima
925 1775 1131 1842 meditatione
1153 1766 1280 1852 singula

128 1885 336 1949 morientium
370 1886 512 1950 membra
543 1907 750 1969 percurrere,
781 1885 876 1948 sicuti
899 1903 958 1967 pro
988 1881 1079 1964 parte
1102 1873 1224 1958 pridem
1247 1870 1280 1934 in

127 1990 298 2055 reverendo
315 1995 406 2074 patre
427 1991 554 2056 dominc
571 1991 758 2058 Leoubardo
773 1988 905 2067 Gessell,
930 1987 1048 2051 decano
1071 1978 1201 2046 ecclesie
1214 1975 1281 2040 Au-

127 2095 288 2177 gustensis
305 2099 375 2173 etc,
406 2098 542 2162 emedio
566 2097 692 2163 sublato
715 2103 747 2162 ct
764 2097 796 2160 in
820 2099 930 2159 eterna
948 2086 1145 2158 beatitudine
1167 2080 1280 2163 benig-

127 2200 257 2266 nissima
280 2201 329 2265 dei
353 2203 570 2268 misericordia
591 2208 737 2286 suscepto
764 2200 864 2268 oculis
884 2193 1085 2280 conspexisti.
1131 2187 1282 2252 Videmus

129 2306 278 2369 extremis
302 2307 363 2370 iam
389 2306 571 2391 algentibus
594 2307 723 2374 media²
748 2306 861 2372 terreri
896 2310 928 2368 et
954 2319 1076 2366 summo
1099 2297 1282 2378 importuno

129 2411 242 2474 sudore
265 2410 422 2492 diffluere,
447 2414 505 2477 ilia
528 2415 660 2498 pulsari,
685 2414 814 2478 vitalem
846 2410 995 2495 spiritum
1027 2402 1141 2468 mortis
1170 2395 1282 2462 vicini-

130 2523 196 2580 tate
219 2517 403 2596 lentescere,
436 2516 575 2582 defossos
606 2523 818 2602 nutantesque
843 2515 965 2593 oculos,
1002 2507 1164 2574 obtuitum
1187 2500 1281 2566 laer-i-

131 2643 263 2701 mosum,
290 2625 485 2686 contractam
511 2623 650 2688 frontem
675 2623 914 2706 liventemque,
946 2616 1090 2681 labantes
1113 2627 1220 2691 genas,
1243 2603 1283 2666 li-

130 2727 218 2792 vidos
233 2727 352 2804 dentes,
376 2727 517 2810 rigentes
540 2734 635 2813 atque
650 2733 759 2792 acutas
770 2747 871 2802 nares,
905 2717 1089 2806 spumantia
1105 2713 1198 2789 labia,
1216 2714 1282 2774 tor·

127 2837 257 2916 pentem
279 2852 543 2917 squamosamque
585 2833 747 2917 linguam,
779 2830 903 2894 aridum
933 2825 1088 2910 palatum,
1111 2819 1283 2900 fatigatum

131 2941 236 3021 caput,
272 2936 421 3001 anhelum
449 2943 581 3021 pectus,
613 2958 743 3001 raucum
775 2956 918 3000 murmur
946 2937 978 2996 et
1015 2930 1115 2992 mesta
1137 2919 1284 3003 suspiria,

131 3043 257 3106 odorem
281 3043 382 3106 tocius
417 3043 558 3125 corporis
589 3042 759 3107 molestum
783 3040 996 3124 precipueque
1022 3030 1154 3098 alienati
1176 3026 1284 3092 vultus

132 3148 315 3226 horrorem,
350 3169 411 3233 que
435 3149 543 3213 omnia
566 3149 692 3213 facilius
723 3169 758 3212 ac
785 3145 884 3212 veluti
918 3144 951 3206 in
982 3144 1167 3226 promptum
1191 3135 1222 3196 et
1244 3131 1284 3194 ad

133 3275 260 3318 manum
284 3251 440 3318 collocata
463 3259 660 3333 succurrent,
691 3253 791 3317 sicui
815 3249 1017 3314 familiariter
1049 3239 1210 3309 observari
1234 3257 1284 3301 ce-

132 3359 216 3442 perit
239 3358 477 3422 memorandum
499 3357 627 3442 aliquod
654 3361 821 3441 conspecte
847 3355 959 3420 mortis
987 3348 1178 3432 exemplum.
1223 3344 1284 3409 Τε-

132 3467 242 3529 nacicr
274 3463 356 3526 enim
392 3463 473 3526 solet
500 3484 565 3526 esse
589 3463 729 3526 visorum
758 3467 854 3545 atque
885 3460 1066 3523 auditorum
1096 3449 1284 3527 recordacio,

134 3593 229 3656 quam
253 3568 294 3632 ob
318 3588 445 3632 causam
467 3589 530 3630 non
556 3568 623 3632 sine
647 3567 713 3632 alto
737 3565 868 3630 consilio
891 3565 924 3626 in
949 3559 1139 3646 quibusdam
1164 3555 1285 3620 devotis

134 3674 343 3761 religionibus
365 3677 462 3756 atque
485 3673 693 3737 sanctissimis
726 3692 825 3755 usque
857 3669 955 3732 eciam
990 3667 1028 3730 ad
1053 3665 1135 3728 hauc
1159 3665 1285 3740 etatem,

136 3802 196 3864 que
220 3778 311 3842 bonis
343 3778 485 3842 moribus
509 3777 637 3842 inimica
661 3783 725 3854 est,
758 3776 815 3839 illa
837 3772 1029 3839 consuetudo
1052 3769 1222 3854 perdurat,
1246 3765 1285 3829 ad

135 3886 326 3951 cernendum
349 3905 483 3968 corpora
506 3883 748 3962 defunctorum,
787 3884 860 3947 dum
884 3881 1031 3944 lavantur
1056 3876 1284 3958 preparantur·

137 4015 196 4076 que
218 3990 399 4074 sepulture,
431 3991 570 4054 eiusdem
594 3989 689 4071 rigidi
714 3988 869 4073 propositi
903 3985 1095 4069 professores
1116 3980 1285 4055 intersunt,

137 4103 172 4161 ut
194 4095 318 4160 scilicet
340 4094 432 4158 triste
456 4095 733 4178 miserandumque
756 4092 969 4176 spectaculum
993 4088 1093 4154 oculis
1110 4085 1286 4149 subiectum

138 4207 168 4265 et
183 4200 367 4265 memoriam
384 4220 506 4282 semper
521 4201 688 4264 admoneat
704 4205 736 4262 et
748 4198 870 4262 animos
886 4195 1094 4279 superstitum
1111 4191 1151 4254 ab
1163 4189 1197 4274 [f.
1209 4186 1284 4272 266]

137 4307 222 4370 omni
245 4327 302 4390 spe
324 4306 434 4370 mundi
457 4305 579 4390 fugacis
603 4303 786 4370 exterreat⁸
806 4347 1064 4366 ...........
1079 4294 1115 4382 [f.
1133 4293 1234 4379 267].
1253 4343 1259 4357 .
1279 4336 1285 4356 .

706 4409 720 4436 ἦ

209 4483 220 4534 l
243 4479 327 4546 rolgr
346 4477 390 4532 die
408 4479 489 4533 stelle
507 4477 577 4548 Opp.
598 4478 664 4532 1032
689 4477 774 4544 »quot
801 4475 865 4526 sunt
885 4471 981 4525 urbes<
1007 4469 1050 4523 bis
1079 4466 1287 4540 »aspirantibus

139 4567 284 4629 consilium
310 4565 372 4622 dc«.
468 4566 484 4619 2
503 4564 539 4620 So
563 4565 615 4620 das
633 4564 766 4632 concept,
792 4561 851 4617 cod.
869 4559 971 4616 modia.
1091 4558 1108 4611 3
1127 4560 1181 4613 Der
1199 4568 1287 4626 gance
