3092 5244
811 451 853 519 66

254 629 451 698 iuventutem
474 632 649 698 exercitant
682 637 713 697 et
736 632 775 696 ad
798 632 1055 717 investigandum
1089 631 1216 716 plenius
1239 638 1271 696 et
1293 651 1410 717 propo·

255 737 390 802 nendum
415 737 560 802 audatius
584 737 753 802 iuvenilem
777 737 915 801 titillant
938 742 1057 802 etatem
1077 742 1109 802 et
1125 737 1264 801 virorum
1288 736 1409 802 illumi·

254 848 402 907 natorum
426 848 502 907 tunc
526 843 726 925 presencium
748 847 840 908 tauto
855 842 1051 927 peramplius
1076 841 1221 907 doctrina
1241 842 1405 925 perlucida

254 950 362 1026 claret,
390 951 509 1032 quanto
533 946 697 1029 copiosius
719 945 903 1011 effunditur.

341 1051 409 1116 Hec
441 1052 487 1115 sio
517 1073 536 1114 a
570 1073 619 1114 me
650 1056 781 1116 exarata
804 1052 943 1134 benigna
973 1072 1045 1116 cum
1068 1051 1313 1134 supportaeione
1337 1073 1412 1134 egre

254 1156 338 1220 ferre
360 1177 423 1220 non
446 1154 561 1234 velitis,
592 1154 708 1218 obnixe
734 1174 822 1238 rogo.
873 1152 952 1218 Cum
976 1154 1058 1218 enim
1083 1153 1141 1218 heo
1166 1154 1247 1218 mihi
1269 1155 1411 1238 displici-

257 1260 333 1324 bilia
355 1261 484 1344 scriptis
506 1261 551 1323 sic
574 1259 651 1322 meis
674 1258 872 1340 improbem,
896 1259 1002 1342 palam
1026 1260 1192 1344 increpare
1214 1280 1277 1325 non
1301 1260 1412 1340 audeo,

255 1387 295 1429 ne
317 1386 404 1428 more
426 1363 563 1428 forsitan
587 1364 787 1447 quorundam
821 1365 917 1428 matri
947 1385 1016 1428 mee
1046 1367 1078 1428 et
1100 1365 1321 1429 consuetudini
1345 1366 1413 1429 eius

257 1469 424 1535 detrahere
447 1469 562 1533 videar.
611 1467 655 1532 Ea
678 1489 773 1547 vero,
806 1489 868 1552 que
891 1467 1063 1551 aliquando
1085 1468 1118 1531 in
1144 1466 1255 1533 Ytalia
1278 1471 1413 1552 respexi,

256 1597 385 1639 narrare
408 1597 459 1639 me
482 1596 544 1638 uon
568 1575 668 1658 piget.
716 1571 841 1638 Vivunt
858 1573 933 1638 ltali
969 1575 1008 1638 ad
1031 1573 1243 1658 prescriptum
1266 1574 1411 1652 racionis,

255 1681 374 1745 hebent
397 1680 497 1744 eciam
519 1681 621 1762 ipsam
644 1679 869 1764 frugalitatem
885 1680 1083 1760 magistram,
1107 1701 1279 1764 numquam
1302 1701 1411 1763 sump-

255 1786 354 1851 tuosis
377 1784 529 1868 convivijs
564 1806 694 1869 operam
727 1785 823 1863 dant,
856 1784 1044 1849 collaciones
1077 1785 1217 1849 serotine
1250 1790 1330 1868 aput
1359 1805 1411 1848 eos

256 1912 428 1975 numquam
454 1890 550 1969 fiunt,
574 1895 623 1953 set
648 1909 700 1952 cas
723 1888 975 1971 despectissimae
997 1887 1131 1966 habent,
1155 1910 1217 1952 non
1241 1888 1411 1973 indulgent

259 1994 389 2078 delicijs,
415 2018 476 2080 que
498 1995 621 2058 animos
644 1994 811 2058 bominum
834 1998 865 2058 et
888 2014 1022 2076 corpora
1045 1993 1235 2073 dissolvunt,
1258 1997 1307 2056 set
1331 1997 1410 2056 tem-

255 2105 365 2183 perato
389 2121 514 2183 semper
536 2104 673 2164 utuntur
696 2100 792 2179 victu,
817 2103 930 2163 ornato
955 2099 1177 2182 quidamque
1204 2103 1319 2162 natura
1342 2099 1412 2180 ipsa

255 2226 314 2289 pro
336 2207 384 2269 sui
406 2205 637 2270 sustentacione
652 2208 866 2270 contentatur.
912 2202 985 2269 Non
1010 2204 1211 2268 arbitrantur
1233 2225 1268 2266 se
1289 2203 1329 2267 ad
1353 2225 1408 2286 pa·

255 2313 340 2374 stum
375 2313 406 2373 et
428 2308 467 2373 ad
490 2310 676 2374 servitutem
698 2309 818 2374 ventris
842 2313 950 2388 natos,
973 2313 1010 2372 ut
1031 2308 1139 2393 plures
1161 2330 1199 2372 ex
1222 2309 1341 2373 nostris
1364 2310 1411 2373 vi·

256 2415 375 2494 demus,
397 2417 447 2477 set
462 2435 506 2477 ea
528 2415 633 2478 omnia
660 2419 822 2499 tamquam
852 2414 1015 2479 exicialem
1049 2437 1083 2478 ac
1106 2418 1228 2499 pestem
1251 2414 1409 2498 pernicio·

255 2541 323 2584 sam
345 2520 543 2584 detestantur
565 2522 597 2582 et
614 2520 752 2602 fugiunt.
800 2517 913 2584 Sciunt
933 2520 1028 2598 enim,
1052 2519 1111 2584 heo
1126 2520 1234 2603 magni
1253 2541 1319 2584 esse
1346 2520 1407 2582 im-

259 2623 434 2706 pedimenti
458 2622 496 2686 ad
520 2623 624 2687 studia
647 2624 820 2688 laudabilia
843 2627 1043 2708 capescenda.

343 2727 377 2794 si
393 2729 502 2813 itaque
519 2728 640 2806 maiori,
665 2751 759 2812 quam
776 2729 877 2809 licuit,
901 2730 935 2794 in
958 2730 1124 2794 scribendo
1138 2729 1200 2793 sim
1217 2750 1289 2792 usus
1314 2730 1410 2793 liber·

255 2838 332 2911 tate,
357 2855 420 2897 non
443 2835 477 2896 in
501 2833 616 2897 malam
640 2840 697 2897 aut
723 2836 754 2896 in
779 2855 847 2898 eam
871 2834 1004 2898 sumatis
1027 2838 1173 2916 partem,
1208 2835 1257 2898 uti
1279 2835 1329 2899 ius
1351 2836 1411 2899 ali·

256 2938 339 3021 quod
364 2937 397 3000 in
412 2957 578 3019 personam
602 2943 741 3003 vestram
762 2940 930 3004 vendicare
952 2961 1144 3023 presumam.
1192 2939 1339 3006 Delectat
1360 2963 1412 3006 me

256 3041 459 3106 familiaritas
482 3043 635 3121 omnium,
659 3064 793 3126 quorum
809 3044 928 3109 noticia
944 3044 1093 3109 maiorem
1117 3047 1231 3127 prebet
1257 3047 1290 3109 in
1316 3047 1411 3110 fami·

256 3146 396 3211 liaritate
419 3147 566 3212 fiduciam
586 3149 607 3212 ¹.

729 3315 937 3324 ..Ἢ-Μ

804 3465 863 3538 28.

257 3615 449 3689 Hermann
471 3613 625 3687 Sohedel
649 3638 697 3686 an
721 3615 912 3712 [Willrelm
936 3615 1264 3710 v.Reiclrenau.(l)
1289 3616 1409 3710 Augs-

673 3738 769 3831 burg
811 3736 948 3834 1460l]
963 3733 988 3811 ².

489 3891 553 3945 olm.
572 3890 626 3944 224
642 3890 663 3946 f.
682 3891 729 3944 72¹³
742 3891 856 3960 einlags
873 3891 903 3945 in
922 3908 1011 3949 verso.
1048 3893 1179 3960 concept.

259 4013 650 4100 Entschuldiguug,
674 4018 768 4080 dass
791 4039 831 4080 er
855 4017 930 4081 mit
953 4040 1121 4102 grauem
1146 4019 1277 4084 baare
1301 4017 1407 4082 noch

766 4123 897 4188 liebt.

345 4261 461 4345 Recepi
493 4261 543 4324 his
574 4261 683 4326 diebus
713 4262 831 4326 indices
854 4263 1031 4328 inconcussi
1055 4263 1171 4326 amoris
1192 4267 1283 4341 tuas,
1317 4282 1407 4326 vene-

257 4365 354 4430 rande
376 4365 495 4445 frater,
516 4365 626 4430 literas
653 4367 861 4492 periocundps
896 4372 927 4432 et
957 4373 1049 4433 tanto
1083 4369 1208 4452 quidem
1233 4367 1407 4442 iocundius,

329 4537 420 4593 lood.
440 4536 581 4594 noticiam.
649 4539 792 4594 2Datum
811 4540 869 4594 und
889 4522 1006 4595 adressa·
1019 4540 1154 4596 unsichar.
1191 4540 1318 4594 Letatere
1338 4538 1407 4593 nach
