3092 5244
671 403 710 466 81

194 582 264 648 Heo
286 605 305 645 a
327 605 377 648 me
400 582 444 646 sic
467 586 597 645 exarata
620 580 653 642 in
678 579 741 661 bijs
762 579 865 662 magis
889 579 999 663 vigere
1020 581 1179 660 arbitror,
1214 581 1268 665 qui

109 710 286 773 numquam
300 687 444 752 Ytaliam
460 685 698 770 perlustrarunt
714 689 770 749 aut
788 705 888 750 mores
912 705 1021 749 eorum
1046 690 1174 750 norunt.
1215 683 1271 750 Set

114 794 152 857 de
175 794 240 877 hijs
262 792 350 871 satis,
374 791 523 874 quoniam
547 790 585 854 de
609 791 653 854 eis
677 790 796 854 rectius
818 795 897 873 puto
919 789 1024 870 silere,
1053 813 1148 875 quam
1172 812 1273 874 pauca

110 899 227 983 loqui1
245 945 553 964 .............

199 1003 336 1068 Domum
353 1007 503 1087 patruum
522 1024 626 1066 meum
643 997 908 1087 H[artnrannum]
921 999 1084 1087 S[chedel]
1101 1024 1156 1085 pre
1172 1023 1269 1067 cunc·

112 1111 153 1175 tis
176 1110 259 1174 mihi
282 1110 521 1174 dilectissimum
543 1113 648 1174 vestre
671 1108 856 1172 commendo
888 1107 1034 1186 caritati,
1057 1107 1090 1172 in
1115 1129 1210 1192 quem
1233 1107 1273 1170 li·

113 1214 320 1280 beralitatem
353 1215 497 1280 doctrine
528 1236 591 1279 non
622 1214 713 1278 modo
736 1212 909 1296 diligenter
936 1217 985 1277 set
1017 1218 1048 1278 ct
1081 1213 1218 1297 benigne
1242 1218 1275 1278 et

121 1319 257 1384 comiter
272 1320 417 1385 conferre
442 1320 548 1384 velitis
571 1320 687 1384 obnixe
705 1339 794 1403 rogo,
811 1319 953 1382 moribus
977 1317 1068 1382 bonis
1083 1320 1116 1382 et
1130 1316 1273 1382 honestis

115 1425 220 1507 ipsum
244 1425 407 1504 imbuatis,
430 1425 514 1509 quod
538 1445 600 1488 non
617 1425 721 1490 nrinus
745 1421 915 1511 [ammiel]
944 1445 1039 1507 quarn
1062 1423 1205 1488 doctrine
1228 1424 1273 1486 vi-

114 1529 178 1594 deri
203 1529 300 1594 debet
314 1529 465 1594 officium.
513 1528 608 1594 Libet
622 1531 768 1607 mirifice,
792 1531 895 1613 ipsum
913 1529 1028 1595 vestris
1041 1530 1073 1592 in
1097 1528 1200 1592 literis
1223 1549 1272 1593 re-

117 1655 245 1699 censere
275 1639 307 1699 et
340 1656 447 1700 earum
471 1635 553 1699 vires
585 1640 617 1700 et
639 1636 780 1699 acciones
811 1634 972 1698 vobiscum
998 1655 1220 1719 recognoscere
1242 1638 1274 1697 et

115 1744 150 1802 ut
172 1740 283 1824 sepius
307 1745 386 1823 aput
409 1761 459 1804 me
481 1761 536 1804 sue
559 1747 765 1823 compareant
787 1739 922 1824 epistole
954 1745 986 1804 et
1016 1741 1105 1804 sein
1129 1740 1173 1804 eis
1195 1739 1274 1805 scri·

115 1844 225 1908 bandis
249 1844 447 1924 assuefaciat,
471 1849 508 1910 ut
523 1846 644 1929 pariter
667 1851 699 1911 et
715 1851 827 1911 ornate
843 1851 876 1910 et
899 1865 1038 1929 congrue
1067 1846 1171 1910 dicere
1195 1846 1275 1909 inci·

116 1949 184 2031 piat
207 1955 242 2014 et
265 1955 469 2028 consuescat,
504 1949 587 2034 quod
612 1970 674 2013 non
698 1971 812 2033 parum
835 1950 896 2013 sibi
919 1951 958 2014 ad
981 1949 1199 2034 eloquenciam
1222 1970 1275 2012 ca·

116 2056 306 2137 pascendam
336 2055 465 2133 valebit,
497 2054 617 2139 inqua
647 2055 741 2118 decus
770 2059 803 2117 et
825 2058 1050 2120 ornamentum
1074 2075 1138 2119 non
1162 2075 1274 2138 parum

115 2160 290 2225 consistere
319 2160 453 2226 videtur.
499 2157 588 2235 Quod
620 2159 714 2224 facile
748 2159 854 2243 ipsum
885 2160 1019 2242 adipisci
1050 2180 1223 2243 sperarem,
1248 2160 1275 2222 si

117 2285 248 2347 operam
272 2265 388 2330 bonam
410 2265 537 2348 legendi
559 2271 701 2330 oratores
724 2271 757 2330 et
778 2270 889 2349 poetas
911 2264 1102 2331 adhiberet²
1120 2319 1127 2332 .
1145 2316 1152 2331 .
1172 2313 1205 2332 ..

676 2663 736 2734 36.

117 2799 316 2872 Hermann
347 2798 501 2873 Schedel
528 2825 576 2873 an
609 2801 824 2874 Hartmann
854 2800 1019 2876 Schedel.
1075 2801 1277 2896 Augsburg

545 2923 674 3021 [1460]
705 2929 800 3020 aug.
822 2926 858 2998 9.

346 3077 408 3130 clm.
427 3077 478 3132 224
497 3077 516 3131 f.
536 3077 585 3132 251
606 3078 717 3149 einlage
735 3077 766 3133 in
783 3095 871 3134 verso.
909 3076 1058 3148 Concept⁸.

122 3201 419 3285 Ermabnung,
443 3203 531 3268 sich
557 3226 607 3268 an
629 3203 852 3270 dohannes
885 3207 930 3270 de
954 3197 1194 3270 Ratis'bona
1216 3228 1280 3270 an·

554 3311 850 3377 zuschliessen.
1215 3313 1216 3316 ’

213 3448 265 3511 Me
281 3449 443 3530 integrum
459 3469 583 3532 semper
598 3450 689 3514 habe.
736 3449 848 3513 Amice
864 3471 904 3513 ac
919 3455 1033 3532 patrue
1049 3449 1282 3513 amantissime!

126 3553 354 3638 Superioribus
378 3554 488 3618 diebus
511 3556 584 3620 dum
609 3555 711 3620 adhuc
735 3556 841 3639 patria
856 3553 989 3618 nativa⁴
1007 3559 1038 3617 te
1056 3554 1172 3634 tenuit,
1194 3555 1236 3618 ad'
1249 3560 1281 3620 te

125 3681 196 3724 mea
219 3659 292 3722 misi
314 3659 443 3741 scripta,
467 3659 500 3724 in
525 3662 640 3745 quibus
664 3662 850 3745 plurimum,
884 3661 931 3724 uti
954 3660 1032 3724 alias
1055 3661 1219 3739 consuevi,
1250 3667 1283 3724 te

125 3763 299 3844 hortabar,
333 3767 368 3828 ut
391 3764 482 3828 iuxta
506 3766 713 3847 capacitatem
738 3765 879 3848 ingenij‚
908 3787 971 3848 qua
994 3785 1051 3846 pre
1074 3766 1190 3828 ceteris
1211 3765 1281 3827 lau-

126 3869 233 3945 daris,
258 3867 506 3934 adulescentiam
529 3873 615 3933 tuam
640 3871 731 3934 bonis
755 3891 790 3933 ac
813 3869 943 3954 optimis
965 3868 1142 3951 disciplinis
1165 3869 1282 3932 literis·

699 3975 716 4008 ’k

201 4044 212 4094 l
233 4040 319 4112 Folgt
336 4041 382 4097 die
400 4042 623 4098 conventionelle
641 4042 880 4112 entschuldigung
898 4043 945 4098 des
965 4043 1101 4112 angriffs,
1123 4059 1195 4111 gana
1214 4040 1284 4094 thn-

128 4128 185 4184 licb
204 4128 257 4184 wie
276 4147 298 4184 a.
317 4128 345 4183 b.
363 4129 403 4182 im
421 4129 508 4185 briefe
527 4147 565 4184 an
583 4129 762 4187 Gosssmbrot
774 4149 817 4185 nr.
830 4131 855 4184 9.
930 4132 953 4192 ,2
971 4130 1078 4200 Folgen
1096 4129 1284 4198 einigephra-

130 4233 179 4272 een
197 4235 262 4272 num
280 4217 344 4273 lobe
362 4217 410 4271 der
424 4217 532 4273 dichter
551 4218 608 4272 und
626 4218 734 4276 redner.
788 4221 804 4273 3
822 4219 889 4272 Fast
907 4215 1135 4287 gleichlautende
1148 4213 1285 4270 absohrift

135 4304 311 4360 Hartmanns
329 4305 393 4362 clm.
413 4305 463 4361 418
483 4306 502 4362 f.
520 4306 594 4363 263¹&
631 4307 689 4360 Aue
708 4305 796 4362 dieser
812 4305 911 4360 datum
931 4305 987 4360 und
1001 4305 1191 4360 untsrschrift.
1219 4303 1286 4358 Jah-

133 4394 242 4449 resaahl
262 4393 336 4450 nach
354 4393 417 4449 dem
435 4391 538 4449 inhalt.
662 4393 731 4450 4111
751 4393 828 4448 einer
848 4396 941 4448 ersten
961 4392 1151 4448 verworfenen
1170 4392 1287 4460 fassung

131 4481 182 4535 auf
199 4480 361 4536 demsslben
379 4481 456 4536 blatt
468 4481 695 4538 durchstricheu:
716 4479 923 4550 Nuremberga;
943 4480 1000 4550 vgl.
1021 4480 1093 4534 oben
1110 4497 1133 4536 s.
1152 4481 1207 4538 71¹.

184 4584 291 4632 seneca.
723 4567 726 4575 “
1059 4567 1076 4624 6
