3106 5252
703 475 743 540 19

144 654 219 712 tuos
243 648 385 726 audiunt,
409 646 593 712 efficiuntur
615 649 745 726 dociles,
768 649 883 714 attenti
907 655 939 714 et
963 650 1110 716 benivoli.
1145 649 1213 716 Nec
1235 653 1289 716 de-

144 757 221 816 sunt
244 753 304 816 tibi
327 751 500 816 illustrium
526 759 634 817 vatum
658 758 816 838 poemata,
847 754 963 838 quibus
987 754 1077 819 utilis
1099 777 1136 820 ac
1158 757 1296 822 delecta·

149 857 222 920 bilis
244 857 288 920 sis
310 857 521 921 auditoribus.
569 860 636 922 Aut
651 859 735 923 enirn
751 859 909 924 delectare
933 860 1046 924 volunt
1068 865 1125 924 ant
1148 863 1298 945 prodesse

145 967 247 1045 poete,
280 962 387 1046 inquit
419 959 560 1028 Oraoius.
610 963 698 1030 Unde
720 970 831 1030 contre
856 965 1027 1029 sibilantes
1051 965 1300 1048 virgiliomastes

144 1067 427 1131 excellentissimus
456 1067 600 1152 loquitur
629 1067 865 1144 Quintilianus:
920 1066 1013 1132 »Non
1046 1074 1140 1134 nocet
1169 1091 1227 1153 per
1264 1093 1301 1136 ea

144 1171 393 1249 transeuntibus,
416 1176 509 1236 nocet
534 1173 579 1237 ibi
598 1173 813 1239 herentibus.‹
849 1173 917 1238 Hec
941 1174 1025 1238 enim
1048 1179 1124 1237 sunt
1146 1175 1207 1254 vis,
1232 1196 1297 1239 non

145 1276 238 1352 finis3
272 1297 330 1359 per
352 1298 388 1340 ea
411 1282 518 1341 tamen
542 1278 690 1342 euntibus
714 1280 796 1361 ¹linis
818 1280 960 1363 optimus
982 1279 1221 1344 demonstratur
1243 1280 1298 1357 eis,

147 1383 202 1466 qui
224 1382 325 1445 solida
348 1381 469 1446 habent
501 1382 725 1464 fundamenta,
759 1383 1024 1468 quemadmodum
1055 1406 1152 1468 supra
1174 1390 1298 1468 petram

146 1487 341 1550 immobilem
372 1490 461 1551 tuam
485 1489 681 1554 coufirmasti
710 1494 914 1554 structuram.
960 1488 1039 1554 Inde
1069 1490 1219 1575 quicquid
1243 1490 1299 1555 ad·

144 1591 241 1674 ijcies,
266 1612 328 1655 uon
346 1593 491 1675 pacietur
508 1593 644 1674 ruinam,
666 1595 818 1680 qnoniam
834 1594 1017 1659 firmissima
1031 1595 1208 1679 primordia
1224 1615 1298 1659 con·

145 1695 240 1760 flesti.
286 1695 400 1780 Itaque
422 1698 449 1760 si
472 1697 541 1761 sola
562 1699 624 1762 tibi
648 1695 780 1786 [essent]
804 1698 1014 1763 humanitatis
1037 1699 1153 1780 studia,
1178 1721 1240 1784 que
1263 1701 1297 1764 in

145 1801 251 1865 literis
273 1807 504 1867 consumuntur
526 1839 566 1850 ·-
594 1803 857 1888 quemadmodum
881 1803 1056 1888 Agellius1
1085 1805 1118 1868 iu
1153 1804 1299 1870 noctibus

147 1907 255 1971 atticis
278 1906 407 1986 definit,
439 1908 515 1992 quia
537 1908 712 1976 humanum
737 1909 878 1973 animum
902 1910 1052 1974 imbuunt
1075 1914 1108 1975 et
1130 1914 1295 1990 exornant,

148 2033 211 2096 quo
233 2013 459 2076 commercium
485 2034 557 2077 cum
581 2015 683 2078 doctis
701 2012 818 2078 habere
840 2015 972 2098 possit«,
995 2014 1078 2080 sicut
1100 2015 1138 2080 de
1162 2015 1297 2100 quodam

149 2118 279 2181 literato
302 2121 441 2182 testatur
457 2117 641 2184 Terentius:
679 2117 791 2183 »Nihil
809 2120 973 2184 hnmania
995 2141 1046 2184 me
1069 2119 1208 2184 alienum
1231 2121 1297 2184 exi·

145 2223 260 2287 stimo«
275 2222 386 2286 -hec
403 2223 533 2309 inquam
548 2225 616 2290 sola
626 2225 687 2289 tibi
699 2230 803 2289 essent
816 2225 904 2301 satis,
919 2223 1003 2309 quo²
1019 2225 1158 2290 feliciter
1166 2224 1207 2312 [f.
1219 2225 1297 2308 296]

147 2328 286 2392 habenas
309 2350 438 2413 regeres
453 2330 590 2413 imperij.
636 2329 692 2394 Set
714 2331 858 2413 profecto
881 2351 969 2396 sacre
995 2331 1093 2396 eciam
1116 2329 1211 2395 litere
1233 2335 1299 2395 tete

147 2433 304 2512 ambiunt,
328 2440 365 2498 ut
388 2455 451 2498 non
475 2439 602 2499 tantum
626 2434 777 2518 policiam
793 2436 832 2500 ad
855 2436 1032 2500 naturalem
1049 2435 1170 2518 dirigas
1192 2435 1297 2513 finem,

146 2559 208 2622 que
224 2537 256 2625 [l]
281 2540 418 2604 humane
435 2540 531 2604 litere
547 2540 624 2604 olim
642 2540 796 2620 fecerunt,
820 2541 873 2606 sed
896 2543 934 2606 ad
951 2542 1169 2606 beatissimum
1193 2547 1298 2605 traus-

146 2645 264 2712 mittas.
326 2644 480 2730 Alioquin
524 2645 693 2730 splendore
729 2647 900 2731 vaniloque
933 2647 1066 2711 sciencie
1097 2645 1297 2710 intollerabi-

145 2748 208 2813 lem
242 2751 288 2813 rei
322 2751 450 2834 publice
482 2752 637 2816 iacturam
672 2753 826 2819 conficies.
882 2750 997 2835 Itaque
1028 2751 1056 2814 si
1087 2755 1212 2814 tantum
1251 2750 1297 2812 rei

145 2855 297 2920 familiari
320 2858 477 2937 intendas,
500 2864 536 2921 nt
559 2858 693 2942 pacifica
715 2859 757 2921 sit
779 2855 840 2921 et³
863 2857 1052 2940 pecuniosa,
1087 2856 1238 2921 continuo
1262 2854 1296 2918 in

144 2961 326 3046 superbiam
361 2962 521 3042 elevatur,
549 2964 701 3027 inserviet
732 2963 839 3041 luxui,
867 2963 936 3027 ocio
960 2961 1057 3026 inerti
1080 2960 1242 3044 pooietur,
1266 2963 1299 3024 et

145 3070 265 3150 quauta
288 3066 361 3130 inde
384 3067 467 3132 mala
490 3073 745 3152 consequuntur,
777 3068 804 3131 si
827 3067 934 3151 placet
956 3067 1114 3132 desertam
1136 3065 1208 3131 vide
1230 3063 1297 3129 Ro·

145 3193 238 3234 mam.
285 3169 371 3236 Nolo
387 3171 399 3206 ⁴
422 3178 496 3236 ante
511 3173 619 3238 oculos
631 3174 797 3239 traducere
812 3174 1032 3239 cadabundum
1048 3172 1221 3257 imperium
1244 3192 1295 3235 ce·

144 3299 232 3342 saree
254 3278 433 3342 maiestatis
444 3278 476 3341 in
494 3279 641 3343 omnibus
657 3280 851 3358 civitatibus,
875 3278 978 3362 opidis
993 3283 1026 3342 et
1042 3276 1193 3355 castellis,
1217 3297 1297 3360 quae

143 3381 238 3444 illm.
263 3403 377 3446 corone
400 3383 561 3468 imperiali
583 3390 658 3448 surrt
679 3385 816 3464 subdita,
841 3389 994 3470 quantam
1018 3383 1149 3447 cottidie
1172 3381 1297 3445 ruinam

143 3487 297 3570 paciatur.
345 3487 510 3554 Prioribus
532 3490 646 3554 annis⁶
673 3490 847 3554 insurrexit
876 3493 988 3554 contra
1022 3487 1208 3571 opulentam
1230 3483 1297 3549 Nu·

144 3593 345 3678 rembergam
371 3600 543 3676 prepotens
558 3599 700 3677 potestas
715 3615 888 3659 armorum.
934 3591 1033 3668 Quam
1059 3590 1298 3654 lamentabilem

145 3697 174 3760 ei
198 3697 360 3762 induxerit
382 3698 608 3778 calamitatem,
631 3699 658 3762 si
681 3698 812 3761 humilis
835 3701 900 3776 est,
924 3717 1048 3761 neccsse
1073 3695 1246 3771 fatebitur;
1270 3695 1297 3758 si

143 3822 207 3866 non
231 3803 430 3885 pecuniarias
454 3825 504 3867 res
526 3804 653 3886 penitus
673 3802 829 3882 exhausit,
852 3824 915 3866 non
930 3801 1150 3885 augmentavit
1172 3800 1295 3867 saltem.

143 3906 289 3992 Denique
323 3909 406 3972 bella
440 3909 612 3992 plusquam
646 3909 753 3972 civilia
786 3909 814 3971 si
844 3929 908 3973 non
931 3907 965 3970 in
988 3908 1136 3992 Augusta
1156 3906 1297 3986 fuerunt,

144 4019 221 4077 sunt
245 4013 349 4078 hodic.
396 4011 498 4077 Taceo
521 4035 577 4091 ea,
608 4034 669 4096 que
700 4013 871 4080 medullam
894 4013 1011 4077 ossium
1035 4017 1162 4076 tuorum
1186 4011 1296 4076 dissol-

712 4122 730 4160 e

213 4200 284 4259 180
303 4202 421 4257 cumeist
439 4203 479 4256 im
492 4203 529 4259 M.
559 4206 591 4255 A.
606 4220 626 4258 s.
641 4202 756 4267 Teuffel,
775 4203 854 4259 Rom.
873 4201 1061 4258 Lit.·Gescb.⁶
1079 4202 1140 4257 913.
1227 4201 1298 4257 280

141 4290 206 4346 clm.
226 4292 305 4346 4916.
342 4289 375 4344 ln
394 4307 491 4344 unsrer
509 4291 556 4343 bs:
582 4307 643 4359 que.
751 4290 883 4346 aeodd:
913 4291 955 4342 ut.
1051 4289 1143 4343 4Das
1166 4288 1297 4358 folgendc

141 4377 184 4431 bis
202 4395 266 4430 zum
288 4377 395 4432 scbluss
413 4377 501 4431 dieses
524 4377 651 4432 absatzss
668 4377 706 4430 ist
725 4377 797 4431 nach
816 4377 878 4433 clm.
891 4376 960 4429 4016
980 4392 1035 4429 von
1044 4374 1141 4430 (lhmcl
1160 4373 1297 4443 gedruokt

140 4465 172 4518 in
190 4465 244 4520 den
264 4465 539 4534 Sitzungsbsrichten
560 4464 586 4516 d.
600 4464 713 4518 Wiener
725 4465 818 4519 nkad.
836 4462 870 4530 V,
892 4464 952 4518 651.
1012 4464 1028 4517 5
1050 4464 1117 4518 1449
1136 4461 1164 4516 ff.
1184 4459 1296 4515 suda-

140 4552 292 4608 chroniksn
312 4551 346 4617 11,
366 4554 400 4608 93
418 4552 446 4604 ff.

1044 4635 1089 4694 2*
