3106 5246
814 481 876 548 172

271 678 336 721 esse
359 657 536 741 antiquitus
560 657 665 722 visum
688 662 752 737 est,
780 658 868 723 cedes
890 643 1054 738 videlieet,
1078 658 1221 741 rapinas,
1254 656 1426 722 latrocinia

274 766 370 846 atque
392 762 601 846 prodiciones.

743 944 945 954 ....-..-..--—‹

817 1031 865 1102 75

270 1166 462 1240 Hermann
491 1166 648 1242 Schedel
664 1193 713 1242 an
729 1167 922 1266 [Valentia
943 1166 1051 1239 liber.
1101 1164 1301 1258 Nurnberg
1324 1161 1420 1234 1467

703 1289 940 1386 september].
962 1295 973 1331 1

635 1444 699 1499 clm.
717 1445 770 1498 224
787 1445 805 1499 f.
817 1444 877 1501 308.
905 1442 1054 1512 Conceptt

458 1567 660 1633 Weiterer
682 1567 845 1633 bericht
867 1589 954 1632 vom
977 1567 1230 1650 reichstage.

357 1705 581 1791 Superioribus
604 1707 726 1787 diebus,
753 1708 827 1771 duru
850 1728 930 1771 uuas
954 1708 1070 1772 iterum
1087 1728 1105 1770 a
1120 1703 1209 1769 vobis
1233 1703 1421 1788 recepissem

269 1818 389 1898 literas,
412 1817 533 1882 tardius
558 1839 652 1901 quam
678 1817 782 1897 debui,
806 1818 954 1903 respondi
987 1818 1029 1882 ob
1052 1814 1264 1881 maximarum
1287 1829 1423 1893 occupa-

270 1923 396 1987 cionum
420 1923 602 2002 cumulum,
637 1923 753 2008 quibus
784 1923 831 1987 ita
853 1922 1037 2006 opprimor,
1070 1925 1107 1984 ut
1130 1919 1181 1983 vix
1203 1917 1353 1982 resistere
1375 1914 1425 1980 fes

268 2029 321 2092 sit.
366 2025 504 2111 Tempus
528 2026 667 2092 alienum
700 2031 747 2091 est
763 2048 847 2092 nunc
862 2049 881 2090 a
896 2026 1010 2092 studiis
1022 2023 1233 2090 humanitatis
1248 2028 1280 2087 et
1301 2019 1423 2086 mulis⁸

273 2132 374 2217 magis
398 2154 493 2217 quarn
517 2133 615 2196 musis
636 2132 812 2217 ydoneum,
842 2153 903 2215 que
926 2136 1032 2196 tamen
1056 2131 1196 2195 animum
1220 2149 1284 2193 non
1308 2148 1424 2212 porum

271 2236 462 2322 quandoque
486 2237 694 2315 oblectarent,
716 2258 850 2322 cumque
872 2237 971 2301 ullam
987 2237 1067 2302 mihi
1090 2255 1255 2318 auouppor
1272 2233 1423 2319 quietem,

270 2347 307 2407 ut
330 2341 393 2426 hijs
417 2363 547 2426 operam
571 2343 688 2421 darem,
713 2341 856 2426 proiecto
879 2341 1003 2406 infinite
1020 2341 1259 2424 interrumpunt
1275 2337 1421 2405 molestie

270 2447 373 2512 aliene
407 2467 425 2510 a
459 2447 571 2512 literis.
630 2446 750 2513 Idcirco
784 2470 834 2512 me
867 2448 996 2512 tardum
1027 2444 1298 2512 adscribendum
1334 2443 1423 2510 vobis

270 2551 348 2616 fecit
371 2551 463 2634 [uon]
487 2573 556 2616 mea
579 2553 774 2618 solummodo
798 2558 846 2618 set
868 2552 1085 2617 occurentium
1108 2551 1142 2616 iu
1166 2550 1233 2615 dies
1256 2547 1361 2632 culpa.

355 2655 453 2722 Volui
476 2658 663 2743 quaudoque
685 2659 724 2723 de
739 2657 811 2742 hijs,
836 2680 897 2741 que
913 2658 965 2724 hic
987 2662 1059 2722 aeta
1074 2660 1149 2720 sunt
1164 2677 1222 2741 per
1246 2654 1417 2739 principes,

269 2763 416 2842 scribere,
440 2785 576 2848 quorum
611 2765 741 2847 negotia
775 2784 926 2846 magnum
959 2762 1141 2827 habuerunt
1169 2765 1308 2826 tractum
1332 2763 1364 2824 et
1387 2759 1420 2824 in

268 2868 391 2932 ultimis
423 2889 522 2952 usque
556 2869 594 2933 ed
629 2890 785 2936 recessum
820 2873 989 2935 reservata.
1056 2867 1190 2932 Georius
1225 2866 1422 2950 presentium

271 2977 415 3038 ostensor
431 2974 538 3058 aliqua
555 2996 660 3040 secum
677 2975 779 3052 affert,
806 2997 875 3058 que,
901 2971 991 3060 [que]
1023 2972 1077 3038 hic
1100 2976 1239 3036 tractata
1260 2973 1347 3050 sunt,
1372 2970 1421 3035 lu-

269 3079 427 3143 cidissime
449 3079 629 3144 ostendunt.
677 3079 841 3162 Principes
864 3078 948 3142 nihil
971 3079 1003 3141 in
1037 3098 1129 3142 causa
1152 3077 1267 3140 nedum
1290 3075 1363 3140 fidei
1387 3075 1420 3138 in

270 3183 391 3248 Turoos
413 3185 467 3248 sed
483 3205 540 3248 nec
557 3182 686 3250 Boemie
705 3185 819 3250 saltem
836 3183 922 3248 laudi
940 3183 1072 3266 dignum
1088 3182 1141 3247 hie
1158 3185 1302 3266 egerunt,
1326 3181 1421 3245 unius

270 3289 336 3354 voti
359 3311 423 3354 non
446 3289 578 3353 fuerunt
591 3289 614 3369 ⁴,
637 3313 718 3355 nnus
742 3291 866 3354 etitem
881 3290 964 3354 alter
979 3311 1015 3355 ao
1031 3290 1130 3354 maior
1154 3309 1238 3372 pars,
1263 3291 1300 3352 ut
1314 3288 1422 3352 verius

270 3395 382 3472 dicam,
410 3394 526 3459 Boemo
547 3394 712 3461 heretico⁶
735 3396 854 3473 fovent,
877 3395 961 3459 nihil
984 3394 1095 3459 auxilii
1108 3391 1301 3459 christicolis
1316 3391 1421 3456 facore

270 3500 473 3584 pretendunt,
500 3505 549 3565 sat
572 3523 643 3565 curn
667 3501 764 3565 ceiam
783 3500 844 3583 ipsi
864 3499 1015 3564 Boemum
1032 3500 1193 3578 timerent,
1217 3497 1318 3581 ligem
1333 3496 1420 3561 inter

269 3626 301 3668 se
329 3605 432 3670 facere
453 3605 632 3685 voluerunt,
657 3607 816 3683 induem,
842 3604 1098 3670 si'controversia
1120 3605 1182 3669 ista
1205 3601 1367 3684 sospiatur
1389 3604 1422 3666 et

270 3710 365 3774 alicui
389 3731 496 3774 eorum
522 3711 642 3775 bellum
668 3711 845 3788 indicetur,
877 3715 913 3774 ut
946 3714 977 3773 et
1004 3708 1058 3792 alij
1083 3707 1276 3772 confederati
1303 3705 1420 3772 Boemo

270 3814 398 3880 facilius
421 3817 568 3880 resistere
584 3821 722 3900 possent.
761 3815 823 3899 Spe
835 3820 942 3880 tamen
958 3820 990 3878 et
1005 3815 1114 3878 labore
1126 3811 1256 3876 frustati
1280 3812 1421 3876 inaniter

269 3921 302 3985 iu
326 3921 385 3984 hae
411 3943 446 3984 re
469 3921 675 4000 laborarunt,
708 3932 756 3986 set
786 3943 857 3986 cum
893 3920 1031 4004 lascivijs
1062 3918 1248 4002 actibusque
1272 3917 1420 4001 turpibus

836 4055 853 4092 a

269 4128 386 4194 Quando
405 4129 477 4184 enim
506 4128 657 4184 discordias
676 4132 704 4184 et
722 4129 881 4184 simultates
900 4128 976 4184 inter
1003 4146 1032 4182 se
1060 4143 1185 4182 exercere
1203 4127 1275 4181 cives
1294 4127 1419 4195 ceperint

269 4219 298 4271 et
316 4216 351 4271 de
370 4217 473 4272 honore
492 4218 520 4270 et
539 4215 680 4286 dignitate
698 4219 813 4281 certare,
833 4233 959 4273 occasum
979 4219 1063 4286 atque
1081 4213 1230 4269 interitum
1250 4213 1419 4284 reipublice

269 4303 344 4372 sequi
363 4320 471 4359 necesse
489 4307 539 4358 est.
579 4303 642 4372 Vgl.
661 4304 733 4358 auch
751 4306 837 4359 uuten
857 4323 899 4358 nr.
919 4307 961 4360 76.

341 4393 353 4445 1
375 4390 438 4460 Vgl.
458 4394 529 4448 oben
548 4411 590 4447 nr.
602 4393 635 4448 73
653 4393 761 4446 undlt.
815 4393 831 4447 2
851 4391 918 4448 Sehr
938 4393 1064 4463 fliichtig,
1083 4392 1228 4448 mehrfach
1248 4391 1417 4447 verworfene

270 4477 399 4545 estange.
477 4481 493 4534 3
513 4478 572 4534 cod.
591 4479 684 4532 musis.
720 4477 776 4534 Das
795 4479 949 4549 wortspiel:
970 4479 1063 4536 mulae
1082 4484 1112 4535 et
1129 4497 1226 4535 musae
1244 4479 1283 4534 ist
1301 4478 1347 4534 bei
1365 4478 1416 4533 den

269 4563 448 4619 humanieten
467 4566 569 4636 htufig.
641 4569 656 4620 4
676 4566 733 4623 cod.
753 4567 867 4622 fuerint.
938 4568 953 4620 5
972 4566 1030 4623 cod.
1048 4568 1171 4624 heretici.
