3092 5244
691 437 733 500 93

130 612 267 692 videtur,
290 616 326 677 ut
349 615 434 677 artes
458 611 607 677 continue
622 609 792 688 addiscam,
816 631 877 692 que
895 630 952 673 uec
967 608 1072 673 anime
1089 630 1146 674 neo
1161 608 1287 692 corpori

126 721 204 782 sunt
226 717 374 783 subsidio.
421 716 545 784 Harum
568 715 651 780 enim
669 714 811 798 profecto
827 716 854 777 is
870 719 917 778 est
933 712 1073 793 effectus,
1097 719 1133 779 ut
1148 736 1284 800 sequen-

128 829 176 887 tes
199 845 254 888 eas
276 822 410 888 subtiles
432 822 466 886 in
494 821 624 905 ingenio
657 819 810 898 reddant,
844 819 897 883 sed
921 819 996 902 quid
1023 820 1172 886 conducit
1195 821 1288 885 rebus

127 926 299 992 inutilibus
329 948 456 992 sensum
484 926 564 1004 aeui,
588 947 660 990 cum
683 924 748 988 sint
770 924 835 987 alte
859 928 891 988 et
913 943 1025 1008 graves
1047 925 1202 1002 sciencie,
1227 947 1288 1010 que

127 1037 160 1096 et
182 1032 281 1098 utiles
302 1040 378 1098 sunt
393 1036 426 1098 et
438 1031 604 1116 ingenium
627 1030 793 1114 perspicax
809 1030 970 1112 prebent?
995 1030 1051 1095 Est
1068 1053 1119 1096 ars
1134 1031 1286 1111 oratoria,

128 1159 189 1222 que
212 1138 319 1203 anime
342 1138 481 1204 consulit
503 1143 535 1202 et
557 1137 699 1201 virorum
723 1137 866 1219 gravium
890 1157 1005 1219 puram
1037 1138 1181 1203 edisserit
1204 1138 1287 1202 reri·

129 1247 240 1307 tatem.
287 1243 362 1308 llius
386 1266 436 1308 me
459 1243 529 1308 dedi
553 1241 744 1327 discipulum
761 1263 894 1326 eamque
909 1263 967 1326 pre
982 1244 1094 1308 ceteris
1114 1244 1196 1329 elegi
1218 1266 1287 1310 ma·

132 1348 182 1432 gis
204 1347 331 1413 utilem.
369 1348 426 1414 Est
448 1354 481 1414 et
496 1349 569 1428 alia,
593 1353 630 1412 ut
646 1353 767 1413 ceteras
784 1348 920 1425 mittam,
944 1349 1006 1412 iarn
1028 1350 1145 1415 dudum
1160 1372 1217 1435 per
1234 1371 1288 1416 vos

129 1452 211 1518 mihi
236 1475 389 1538 persuasa
404 1455 528 1539 poetica
551 1475 612 1533 ars,
636 1475 698 1538 que
714 1454 799 1518 viros
813 1452 881 1519 sola
897 1453 1056 1538 preclaros
1072 1453 1182 1521 efficit.
1221 1454 1288 1520 Hec

132 1584 369 1652 quamcumque
394 1584 459 1626 rem
486 1560 726 1644 persuasibilem
741 1558 822 1624 facit
844 1565 875 1624 et
897 1563 1008 1640 ornat,
1030 1561 1126 1644 plena
1147 1566 1195 1625 est
1216 1582 1287 1626 sen·

132 1672 251 1757 tencijs
274 1674 306 1735 et
329 1666 470 1749 coneilijs
492 1665 633 1750 optimis.
680 1663 764 1729 Huic
779 1665 818 1728 do
833 1686 972 1750 operam.
1019 1665 1077 1731 Sed
1101 1671 1208 1732 tamen
1224 1667 1287 1733 dis-

134 1779 274 1842 trahunt
297 1797 347 1839 me
370 1771 476 1836 sedule
504 1771 544 1835 ab
568 1769 630 1853 hijs
646 1775 678 1835 et
700 1770 855 1835 librorum
871 1774 903 1836 et
918 1777 1142 1856 preceptorum
1167 1774 1200 1838 in
1226 1773 1288 1857 hijs

129 1883 258 1948 artibus
292 1877 541 1944 necessariorum
573 1875 729 1956 defectus,
763 1875 853 1941 nulla
876 1877 959 1942 enim
983 1899 1034 1942 ars
1057 1879 1160 1943 literis
1183 1913 1227 1925 —
1253 1883 1289 1943 ut

129 1987 294 2053 Ciceronis
318 1990 391 2049 utar
409 1980 514 2046 verbis
532 2017 571 2027 —
589 1983 657 2044 sine
681 1981 858 2064 interprete
882 1987 914 2046 et
929 1983 1038 2066 aliqua
1053 1984 1285 2050 exercitaoione

129 2093 255 2178 percipi
272 2095 388 2178 potest,
403 2089 564 2153 doctorem
580 2087 664 2150 enim
681 2086 852 2172 lumenque
870 2088 1037 2152 desiderat.
1078 2087 1169 2174 Rogo
1185 2090 1288 2174 igitur

132 2204 231 2286 atque
247 2198 377 2262 obsecro
393 2195 545 2260 maiorem
561 2194 595 2258 in
613 2194 752 2273 modum,
773 2194 799 2256 si
816 2216 957 2280 uuquam
974 2216 1041 2260 rem
1056 2202 1183 2281 gratam
1198 2198 1288 2262 vobis

129 2304 236 2370 facere
259 2303 367 2368 studui
390 2307 446 2367 aut
469 2303 594 2368 efficere
617 2300 748 2386 aliquid,
773 2303 855 2386 quod
879 2301 969 2366 vobis
994 2303 1211 2387 gratissimum
1235 2304 1287 2383 sit,

130 2414 255 2491 potero,
277 2411 315 2471 nt
330 2412 437 2473 temen
454 2407 516 2471 mei
532 2407 640 2491 gracia
657 2410 805 2489 patruum
823 2410 968 2470 nostrum
985 2407 1023 2471 de
1039 2407 1099 2472 hoc
1114 2407 1287 2475 informare

128 2514 244 2578 vestris
267 2512 396 2596 scriptis
419 2512 525 2576 velitis
547 2532 685 2577 necnon
701 2511 780 2575 mihi
804 2512 838 2575 in
862 2511 920 2576 hac
945 2533 979 2575 re
1002 2511 1174 2593 consulere,
1199 2516 1234 2577 nt
1249 2513 1288 2578 ad

133 2618 331 2682 visitandum
348 2615 490 2682 Ytaliam
508 2616 674 2700 locumque
690 2620 801 2699 aptum
817 2619 1005 2701 tempusque
1027 2638 1203 2704 congruum
1231 2618 1288 2683 eli·

135 2744 212 2808 gere
235 2722 335 2788 valeo.
382 2723 467 2788 Deus
491 2721 576 2786 enim
600 2721 690 2800 faxit,
715 2725 898 2786 uterentur
918 2722 1035 2786 habeat
1058 2745 1107 2786 res
1131 2723 1241 2788 eclesie
1256 2727 1288 2788 et

131 2827 317 2912 principum
341 2828 533 2894 secularium
557 2827 725 2892 discrimen
749 2826 903 2890 salutares
919 2826 938 2890 ¹.
986 2827 1160 2912 Postquam
1182 2833 1288 2894 tamen

128 2939 271 2998 vestram
287 2933 524 3018 persuasionem
540 2933 651 2998 -cui
669 2932 738 2998 siue
755 2931 926 2998 formidine
941 2934 1027 2998 omni
1045 2936 1164 3017 parebo
1175 2971 1219 2983 —
1231 2957 1288 3000 au-

129 3038 228 3117 diero,
252 3038 351 3102 statui
375 3037 451 3103 illuc
467 3038 624 3122 proficisci
648 3041 681 3102 et
696 3037 837 3102 studium
855 3060 959 3102 meum
983 3046 1110 3124 ceptum
1127 3041 1287 3125 perficere.

129 3141 179 3207 lbi
205 3143 290 3207 eninr
306 3143 469 3208 doctorum
487 3144 663 3228 legencium
685 3142 785 3208 maior
802 3143 971 3230 diligentia
995 3145 1154 3232 simulque
1170 3145 1289 3230 pericia

131 3252 173 3328 et,
202 3253 239 3312 ut
254 3249 361 3314 omnia
376 3250 464 3314 brevi
480 3250 673 3333 complectar
687 3269 840 3327 sermone,
865 3251 1001 3335 amplior
1023 3253 1170 3316 studendi
1186 3251 1288 3317 iacul-

134 3359 184 3418 tae
207 3354 414 3438 prestolatur.
461 3353 606 3418 Nimium
630 3358 734 3419 tamen
761 3357 856 3420 verba
880 3358 1031 3434 extendo,
1064 3380 1165 3440 panca
1188 3359 1289 3422 amico

132 3459 303 3524 sufficient.
349 3459 406 3524 Sat
429 3463 487 3538 est,
510 3481 564 3524 vos
586 3481 677 3524 nosse
700 3461 888 3525 desiderium
921 3483 1034 3526 meum.
1082 3461 1193 3526 Valete
1216 3461 1289 3526 feli·

135 3565 229 3643 citer,
253 3566 380 3649 egregie
403 3564 529 3629 domine
553 3565 673 3641 doctor,
696 3568 728 3628 et
750 3586 837 3648 spem
862 3589 962 3630 meam
988 3567 1129 3650 implete,
1152 3566 1289 3632 sollicite

132 3673 217 3751 peto.
266 3669 311 3733 fix
327 3667 447 3752 Lipczk
469 3690 552 3733 anno
569 3673 628 3733 etc.
657 3665 745 3731 LXII
772 3670 818 3733 15.
839 3670 902 3734 kal.
927 3672 1124 3753 septembris.

702 3794 721 3828 il·

205 3877 218 3930 1
245 3877 307 3945 Vgl.
332 3876 503 3942 Bachmann‚
522 3875 780 3944 Reiehsgeschichte
800 3878 820 3941 1,
841 3878 900 3932 277.
943 3877 1006 3933 Wie
1031 3880 1094 3934 sehr
1112 3879 1185 3934 diese
1204 3863 1289 3948 dinge

133 3963 187 4018 den
212 3963 358 4034 Leipziger
375 3963 615 4028 studentenlireie,
642 3962 672 4016 in
691 3963 754 4018 dem
776 3971 847 4018 auen
871 3965 1029 4020 Hartmenn
1050 3967 1215 4031 verkehrte,
1244 3968 1289 4020 be·

130 4051 259 4116 ruhrten,
277 4052 373 4120 reigen
392 4049 484 4120 einige
497 4050 584 4105 briels
601 4066 652 4105 aus
670 4051 720 4105 der
732 4053 894 4122 sammlung
909 4053 956 4110 des
975 4057 1039 4112 olm.
1052 4057 1113 4122 466,
1123 4073 1144 4109 s.
1157 4055 1288 4108 Watten-

133 4136 212 4202 bach,
233 4137 323 4194 Lnder
343 4135 518 4209 [Sepfibdrd
536 4137 595 4192 und
613 4139 680 4192 Ana.
701 4139 718 4195 f.
739 4139 806 4195 Kde.
827 4139 882 4194 dtr.
907 4141 1017 4199 Vorsait
1039 4143 1115 4200 1880.
1133 4160 1173 4213 sp.
1197 4143 1246 4197 109
1259 4141 1289 4197 ff.

608 4407 817 4417 ——--—-—
