3106 5246
687 441 750 507 159

134 615 259 682 xxxvii⁰
283 617 377 680 etatis
392 639 477 683 anuo
497 617 660 700 scripsisse
676 637 748 681 eum
766 621 900 696 constet,
925 619 985 682 sub
997 639 1133 702 persona
1149 620 1287 702 pastoria

134 722 172 786 de
201 743 235 787 se
262 720 332 805 ipso
363 721 496 806 loquens
519 723 583 786 eit:
625 720 813 786 »Candidior
835 728 1005 806 postquam
1023 723 1167 788 tendenti
1191 725 1289 788 barba

134 827 297 892 cadebat«.
345 826 401 891 Est
424 827 546 912 itaque,
570 827 601 891 ni
626 826 739 907 fallor,
769 827 888 912 grande
918 826 1014 892 miehi
1046 827 1198 892 solacium
1221 831 1286 892 tam

11 940 15 1027 ,⁸
133 931 227 996 elaris
249 935 376 1016 septum
401 953 469 998 esse
491 931 661 998 comitibus
677 931 697 995 ¹.

222 1034 300 1101 Post
318 1036 385 1117 hac,
402 1035 648 1101 benivolenciam
667 1038 797 1119 captare
811 1035 930 1115 rolens,
945 1035 1086 1102 hortaris
1104 1059 1167 1100 non
1183 1038 1288 1102 minue

131 1141 290 1206 instanter
320 1163 414 1226 quarn
439 1141 651 1220 confidenter,
685 1146 721 1206 ut
756 1141 992 1207 honestioribus
1014 1143 1128 1225 studijs
1162 1143 1286 1208 labores

132 1269 218 1312 meos
240 1248 421 1331 impendam
445 1250 506 1312 etc.
553 1245 655 1312 Grato
679 1247 784 1312 animo
807 1245 921 1311 tuam²
947 1247 1039 1312 istam
1060 1248 1236 1314 fraternam
1252 1248 1286 1312 in

132 1374 181 1416 me
204 1353 358 1436 pietatem
382 1357 415 1418 et
437 1352 630 1436 complector
653 1357 685 1417 et
708 1353 820 1432 laudo,
844 1375 941 1437 quam
965 1353 1064 1419 amice
1087 1359 1173 1420 certe
1195 1354 1284 1432 facis,

131 1462 168 1522 ut
191 1458 289 1541 ea(m)
312 1458 392 1522 mibi
423 1457 650 1522 commemores
673 1465 770 1544 atque
793 1480 969 1543 proponas,
1002 1481 1063 1544 que
1090 1461 1195 1524 anime
1218 1481 1286 1523 mee

130 1564 229 1628 saluti
253 1564 427 1629 conducere
451 1567 484 1628 et
500 1562 648 1646 expedire
669 1565 802 1646 putasti.
851 1563 918 1648 Ego
943 1584 1027 1641 vero,
1053 1561 1214 1642 Heinrice,
1237 1564 1286 1628 vir

131 1669 369 1748 humanissime,
394 1669 422 1732 ie
440 1690 521 1748 sum,
545 1667 593 1734 ita
615 1689 666 1733 me
689 1669 766 1734 deus
789 1668 911 1732 salvum
928 1668 1016 1747 velit,
1038 1669 1064 1732 si
1090 1690 1160 1734 rere
1177 1674 1283 1734 ctnon

129 1775 204 1840 ficta
227 1775 348 1859 loquar,
371 1775 398 1838 is
429 1776 559 1860 inquam
595 1795 681 1853 aum,
717 1775 772 1859 qui
795 1774 853 1838 has
882 1795 990 1839 sacras
1012 1773 1122 1839 literas
1144 1774 1285 1839 omnium

129 1881 413 1966 scripturarum(!)
436 1882 532 1964 longe
564 1885 773 1964 anteponam,
802 1881 1000 1964 maximeque
1023 1880 1154 1945 observo
1177 1884 1209 1945 et
1231 1895 1285 1944 ve-

128 2008 226 2052 neror
248 2009 310 2063 eos,
335 2008 414 2071 quos
436 1987 536 2052 michi
558 1987 711 2072 proponis
734 1986 866 2052 eximios
896 2005 1064 2069 sacrosque
1092 1985 1176 2050 viros
1198 1986 1284 2048 omni

128 2093 303 2158 sanctitate
325 2092 484 2176 pollentes
505 2092 632 2177 aliaque
655 2092 844 2157 documenta
869 2088 905 2178 [f.
926 2086 1004 2177 279]
1028 2089 1200 2169 salutaria,
1224 2112 1285 2174 que

128 2220 241 2283 prona,
265 2198 376 2263 auditu
407 2197 528 2275 suavia,
553 2196 720 2262 intellectu
749 2195 876 2275 facilia,
909 2201 1059 2280 susceptu
1082 2195 1215 2262 honesta
1237 2197 1284 2260 vi·

127 2305 256 2368 dentur.
302 2301 501 2386 Quamquam
525 2321 603 2386 ergo
626 2323 662 2366 ea
678 2301 794 2366 divinia
809 2323 909 2384 prope
925 2301 1072 2366 laudibus
1095 2302 1194 2386 digna
1215 2323 1283 2365 cre·

127 2410 212 2488 dam,
235 2413 378 2473 attamen
394 2429 430 2472 aa
446 2407 516 2491 ipsa
531 2427 593 2470 nou
618 2406 663 2472 sic
686 2405 825 2484 laudem,
848 2411 887 2470 ut
902 2407 1044 2472 studium
1061 2405 1284 2484 humanitatis,

128 2513 214 2598 quod
249 2516 286 2577 ιιι
312 2533 427 2577 vanum
461 2510 618 2595 appellari
650 2532 714 2576 nou
741 2511 877 2588 vereris,
908 2511 1103 2594 vituperem,
1138 2511 1221 2596 qnod
1244 2512 1284 2575 ab

127 2619 278 2684 omnibus
301 2638 377 2681 sane
400 2615 652 2681 laudatissimum
670 2615 739 2681 fore
762 2617 908 2696 iudicem,
934 2618 1009 2682 dum
1025 2617 1059 2680 in
1083 2617 1153 2700 ipso
1177 2616 1284 2680 dehita

7 2787 9 2812 ,
126 2725 256 2788 racione
279 2727 312 2787 et
334 2742 499 2807 quousque
522 2721 590 2804 ipse
611 2721 705 2800 lieet,
730 2723 925 2805 progrediar.
975 2721 1046 2786 Non
1072 2724 1156 2786 enim
1180 2725 1282 2803 putee,

125 2831 163 2893 in
187 2829 250 2912 hijs
273 2827 443 2911 gentilium
467 2826 581 2910 studijs
604 2849 654 2890 me
676 2827 721 2891 sio
736 2827 919 2891 immersum
945 2831 1102 2892 eteorum
1125 2827 1283 2890 suavitate

7 2949 8 3014 j
125 2934 292 2998 irretitum
316 2954 392 3013 esse,
416 2938 453 2997 ut
476 2932 575 2997 eciam
592 2954 655 2997 non
672 2932 846 3017 aliquando
869 2933 1012 2998 animum
1029 2932 1069 2997 ad
1092 2932 1210 2997 alciora
1225 2932 1283 2996 deo

124 3041 207 3104 duce
235 3059 358 3122 sperem
389 3038 564 3102 attendere.
610 3037 763 3103 Attamen
793 3059 864 3102 cunr
895 3038 929 3103 in
962 3039 1021 3104 hae
1051 3043 1120 3104 arte
1142 3037 1283 3102 nondum

125 3151 256 3210 tanturn
281 3144 470 3227 profecerim
481 3143 505 3223 ⁸,
530 3149 683 3227 quantum
701 3145 770 3228 ipse
786 3144 910 3224 vellem,
933 3165 992 3208 neo
1008 3165 1062 3209 eas
1076 3145 1110 3208 in
1127 3166 1177 3208 me
1200 3143 1283 3208 vires

123 3249 280 3330 noverim,
303 3250 329 3314 si
353 3272 416 3336 qua
438 3253 543 3314 tamen
569 3249 653 3314 forte
674 3251 708 3313 in
732 3271 783 3314 me
812 3250 855 3314 sit
890 3250 1093 3317 mediocritas
1115 3255 1149 3313 et
1173 3249 1282 3332 pocius

122 3355 258 3420 virtutis
281 3361 314 3420 et
336 3377 446 3421 earum
468 3354 636 3419 literarum
661 3355 788 3442 quidam
813 3377 920 3435 amor,
944 3378 1040 3440 quam
1064 3354 1150 3420 ullus
1173 3369 1281 3420 esrum

123 3459 301 3544 profectus,
325 3483 389 3527 non
413 3465 519 3525 tamen
543 3459 747 3526 iniucundum
781 3481 856 3524 sane
882 3482 939 3525 nec
962 3460 1077 3525 inutile
1101 3459 1173 3524 fore
1196 3461 1281 3524 arbi·

124 3571 208 3644 tror,
231 3566 306 3631 huie
329 3567 403 3646 arti,
426 3570 463 3630 ιιι
493 3565 580 3642 dixi,
602 3566 773 3650 aliquando
805 3566 950 3630 inherere
979 3585 1016 3629 ac
1047 3585 1174 3648 operam
1198 3565 1280 3628 dare.

124 3669 229 3745 Quam
252 3671 380 3756 quidem
403 3671 610 3756 oppinionem
633 3673 660 3735 si
684 3673 922 3756 dampnareris,
958 3692 1022 3736 nna
1046 3670 1146 3736 eciam
1169 3671 1280 3754 damp-

124 3777 271 3855 naveris,
299 3797 425 3842 necesse
448 3779 501 3856 sit,
525 3776 598 3843 illos
621 3798 726 3842 sacros
749 3778 894 3843 doctores
918 3776 1155 3861 Augustinum,
1187 3776 1279 3841 Jero·

124 3882 260 3960 nimum,
276 3883 493 3948 Ambrosium.
532 3884 593 3948 an
616 3885 700 3948 enim
718 3885 805 3968 ipsos
822 3883 1002 3968 accepimns
1027 3882 1196 3964 gentilium
1212 3886 1280 3945 etu-

125 3988 189 4071 dije
210 3989 265 4053 diu
299 3987 499 4073 multumque
529 3989 689 4053 insudasse
721 3993 753 4054 et
788 3990 821 4052 in
855 3988 918 4054 hiis
950 3992 1075 4052 tantum
1100 3987 1280 4070 profecisse,

126 4098 283 4178 quantum
308 4094 415 4158 divina
438 4097 471 4157 et
493 4093 687 4158 immortalia
709 4115 818 4158 eorum
842 4093 984 4158 indicant
1005 4114 1112 4177 opera,
1135 4092 1221 4169 adeo,
1244 4097 1281 4156 ut

124 4199 154 4262 si
177 4199 248 4282 qnia
270 4199 449 4264 studiorum
466 4199 546 4264 artie
563 4199 775 4264 humanitatis
792 4221 905 4284 expers
928 4200 981 4278 rit,
1003 4220 1042 4262 ex
1057 4198 1155 4264 sacris
1171 4218 1280 4262 eorum

695 4335 712 4374 ‘l‘

201 4417 291 4474 1Das
310 4434 399 4490 ganne
423 4420 486 4490 [aua
515 4417 659 4487 Petrarca]
683 4394 809 4472 wbrtlieh
838 4415 920 4472 sehon
946 4414 1050 4470 einmal
1079 4415 1149 4470 oben
1177 4431 1219 4468 nr.
1238 4415 1280 4471 28.

125 4505 220 4561 2ood.
241 4511 298 4562 tuo.
370 4508 386 4560 3
404 4506 462 4561 cod.
482 4503 662 4574 profeceram.
