3106 5246
692 447 755 514 149

149 621 242 685 nuria
264 621 372 685 videar
411 621 572 686 declinare
604 628 762 688 certamen
801 628 833 686 et
856 646 896 688 ne
920 624 995 688 fides
1019 624 1143 689 ledetur
1166 646 1228 690 non
1252 622 1300 688 in·

148 724 367 808 telligencium
390 725 589 808 propositum
613 749 718 791 meum
743 726 776 790 in
804 727 949 810 epistolis
973 730 1180 812 prenarratis.

238 829 289 894 Ad
312 830 450 912 primam
473 827 731 918 invectiva[ru]m
755 836 895 914 partem:
932 831 1015 896 Dum
1040 833 1126 897 texui
1158 833 1300 896 elencum

147 938 204 998 aut
226 934 430 1018 paralencum
466 934 499 998 in
529 934 622 1000 scolis
655 940 687 999 et
720 934 889 1001 scolastico
917 937 1108 1016 certamine,
1143 958 1300 1020 nusquam

148 1059 258 1122 passus
281 1061 350 1104 sum
374 1040 481 1124 girum
505 1039 713 1104 luminarium
730 1044 785 1104 aut
811 1041 931 1106 cerebri
948 1041 1152 1125 vertiginem,
1176 1046 1212 1105 ut
1235 1042 1300 1106 tuis

149 1148 221 1206 utar
243 1143 358 1222 verbis,
382 1165 440 1208 nec
454 1143 624 1210 fantastice
639 1144 740 1210 nichil
758 1167 796 1210 er
811 1145 931 1211 nichilo
948 1147 1097 1212 conclusi.
1140 1144 1300 1230 Quinymo

149 1246 306 1332 reliquum
332 1253 458 1332 tempus
483 1248 722 1314 racionabiliter
744 1251 778 1314 in
803 1251 1016 1332 naturalibus,
1039 1251 1153 1316 ethicis
1178 1257 1210 1316 et
1234 1273 1298 1316 me·

148 1353 414 1438 thaphisicalibus
430 1353 609 1439 disciplinis
631 1355 823 1438 consumpsi,
847 1361 880 1421 et
904 1356 1054 1442 quicquid
1069 1357 1103 1420 in
1119 1356 1169 1420 his
1185 1355 1299 1420 habuit

148 1459 232 1522 racio
264 1459 314 1522 vel
346 1458 519 1538 industria,
552 1459 642 1525 avide
673 1459 765 1524 hausi
799 1463 831 1524 et
856 1465 966 1545 postea
996 1461 1139 1526 indoctos
1160 1461 1299 1527 docendo

146 1564 293 1628 habunde
326 1563 442 1642 effudi,
475 1568 507 1628 et
538 1565 637 1630 ferme
660 1565 806 1630 undecim
835 1567 927 1630 aunis
961 1567 1070 1632 bursas
1095 1564 1300 1632 laudabiliter

145 1668 222 1749 rexi,
246 1674 284 1734 ut
309 1675 344 1734 tu
369 1669 465 1748 nosti,
488 1669 564 1753 quia
587 1670 724 1734 hursalis
740 1669 832 1736 fuisti
850 1668 870 1735 ¹.
915 1670 957 1736 Elt
972 1671 1049 1737 licet
1067 1672 1182 1737 titulus
1199 1672 1299 1736 multe

144 1775 341 1858 paupertatis
375 1797 434 1860 pro
457 1779 534 1840 tunc
556 1796 607 1840 me
630 1777 800 1858 presserit,
829 1781 935 1841 tamen
970 1777 1052 1841 idem
1076 1799 1126 1841 mo
1148 1777 1187 1840 ad
1210 1776 1297 1840 diur-

145 1901 222 1944 num
244 1886 342 1964 atque
366 1884 557 1946 nocturnum
588 1881 730 1946 laborem
765 1881 933 1966 compulit,
966 1881 1078 1969 quo(d)
1110 1882 1237 1946 tandem
1261 1882 1299 1945 de

144 1986 245 2070 spinis
269 2007 366 2065 rosas,
389 1988 428 2052 de
452 1994 537 2053 terra
559 2009 671 2052 aurum
696 1990 789 2053 etde
812 1988 933 2054 concha
954 1988 1147 2072 margaritas
1170 1986 1298 2072 collegi,

144 2113 200 2156 nec
215 2113 265 2156 mc
281 2093 382 2176 quieti
397 2093 479 2172 dedi,
502 2093 556 2157 sed
579 2093 673 2156 istam
690 2092 863 2177 gloriosam
880 2093 1049 2170 dominam,
1074 2091 1297 2157 iuriscanonici

142 2196 308 2262 scientiam
331 2199 439 2281 regnis
462 2203 494 2263 et
516 2198 643 2263 sedibus
671 2219 849 2282 preponens
874 2199 1039 2282 ipsamque
1061 2218 1159 2281 super
1184 2219 1297 2264 aurum

144 2305 175 2366 at
197 2324 322 2366 omnem
347 2302 619 2386 pulchritudinem
644 2303 826 2388 praeligens
859 2310 954 2388 atque
987 2303 1114 2368 studere
1137 2306 1297 2388 satagens,

143 2407 180 2471 ad
214 2405 322 2472 Ytalie
345 2414 452 2492 partes
475 2430 526 2472 me
554 2409 707 2473 transtuli
742 2430 801 2492 pro
825 2409 953 2488 eadem,
987 2408 1192 2493 »acquirendi
1216 2407 1296 2472 lucri

146 2517 252 2576 tamen
276 2533 401 2592 causas,
425 2517 462 2578 ut
486 2518 541 2578 tua
564 2513 741 2578 vociferant
762 2515 868 2579 verba.
904 2512 1082 2595 Subneotis,
1105 2511 1297 2591 Hermanne,

143 2617 269 2682 diceus:
295 2617 415 2682 »Miror
438 2623 555 2698 tamen,
580 2618 660 2682 unde
683 2622 774 2682 tanta
797 2618 857 2682 tibi
882 2619 1045 2682 temeritas
1073 2617 1236 2694 evenerit,
1260 2621 1296 2680 ut

143 2728 230 2787 tuam
248 2722 350 2807 ipsam
367 2722 569 2802 facultatem,
586 2724 619 2787 in
636 2745 699 2806 qua
715 2727 747 2788 te
763 2721 940 2806 professum
957 2722 1030 2802 scio,
1053 2720 1182 2804 iniurijs
1197 2721 1297 2785 tantis

143 2829 316 2894 conviciari
339 2829 465 2908 audeas,
488 2829 542 2894 cui
566 2828 654 2914 loqui
670 2827 697 2892 si
713 2827 854 2906 daretur,
876 2849 933 2892 sua
951 2827 1135 2892 defensione
1152 2826 1295 2909 calump-

144 2935 300 2999 niatorem
333 2934 382 2998 sui
413 2936 445 2998 te
468 2939 639 3018 argueret,
673 2939 705 2998 et
738 2955 802 2998 non
826 2933 997 3013 immerito,
1020 2955 1090 2998 cum
1115 2937 1147 2997 te
1169 2955 1189 2996 a
1211 2937 1297 2996 terra

141 3061 198 3104 sua
232 3038 390 3122 dignitate
428 3040 597 3120 extulerit,
634 3039 877 3124 ingratitudinis
909 3040 990 3105 vicio
1018 3038 1133 3104 merito
1163 3037 1298 3120 abipsa

143 3144 386 3228 inculpareriss.
427 3143 611 3209 Hermanne
627 3143 769 3225 Schedel,
793 3144 860 3209 alto
881 3145 974 3210 dente
986 3167 1036 3210 me
1059 3144 1180 3228 petisti,
1203 3143 1295 3208 vicis·

141 3251 201 3313 sim
224 3271 288 3315 non
313 3249 432 3314 extollo
456 3271 595 3328 cornua,
628 3250 704 3314 licet
725 3273 807 3334 aque
830 3250 936 3335 gelide
953 3249 1178 3335 ceciderunt(!)
1200 3269 1297 3331 snper

142 3355 261 3421 calcem
295 3357 400 3420 vivam
434 3361 467 3420 et
499 3356 603 3422 factus
626 3357 670 3420 sit
692 3360 776 3420 terre
799 3361 904 3421 motus
935 3377 1089 3441 magnus,
1124 3360 1156 3418 et
1178 3353 1240 3418 nisi
1263 3353 1295 3416 in

138 3461 234 3525 scolis
257 3459 392 3544 perfecti
417 3463 575 3547 magistri,
606 3464 660 3549 qui
685 3485 754 3529 cum
771 3462 1027 3541 malediceretur,
1049 3484 1111 3526 non
1126 3460 1295 3525 maledice-

142 3568 197 3631 bat
213 3570 246 3631 et
262 3587 334 3630 cum
344 3571 518 3650 pateretur,
537 3589 598 3632 non
615 3568 880 3647 comminabatur,
896 3567 1091 3651 pacienciam
1108 3564 1295 3645 didicissem,

66 3660 69 3672 ¹
141 3674 357 3756 temperancie
382 3673 507 3739 frenum
535 3675 571 3760 [f.
596 3673 675 3763 271]
700 3675 733 3738 in
758 3674 853 3739 verba
875 3670 1067 3738 contumelia
1096 3669 1294 3734 relaxassem.

142 3778 307 3842 Erubesoo
330 3783 448 3859 tamen,
472 3779 531 3845 hec
554 3785 610 3845 tua
631 3779 752 3861 scripta
780 3778 881 3843 doctis
904 3776 1086 3842 hominibus
1108 3775 1295 3841 innotuisse.

142 3881 237 3960 Puto,
262 3885 346 3966 quod
363 3906 402 3948 er
417 3885 483 3949 illis
500 3886 553 3963 sis,
578 3885 635 3970 qui
652 3885 815 3949 dixerunt:
843 3881 1021 3969 »Linguam
1041 3886 1180 3948 nostram
1204 3903 1294 3966 mag·

141 3988 355 4068 nificabimus,
381 3989 467 4056 labia
482 3996 592 4055 nostra
608 4013 627 4054 a
649 3991 740 4054 nobis
755 3995 842 4068 sunt,
866 3990 936 4075 quis
952 3992 1060 4052 noster
1077 3986 1153 4051 deus
1176 3983 1294 4050 estlr²

142 4091 193 4158 Ne
216 4093 319 4177 igitur
342 4098 447 4179 putas,
470 4119 520 4160 me
544 4097 747 4180 responsione
762 4117 907 4174 vacuum,
933 4092 1122 4179 loquacitati
1146 4096 1200 4155 tue
1215 4091 1295 4156 dabo

710 4245 729 4282 a

213 4337 313 4407 lVgl.
339 4338 407 4392 dher
432 4338 486 4393 den
506 4337 650 4408 Leipziger
678 4337 956 4393 studienanfenthelt
974 4337 1132 4392 Hermanne
1158 4335 1203 4392 die
1228 4335 1295 4391 Vita

140 4425 189 4480 des
210 4424 341 4481 Heinrich
362 4426 460 4482 Zolnar
479 4426 550 4482 oben
569 4444 591 4481 s.
618 4427 667 4482 llo
687 4443 762 4482 anm.
782 4426 838 4480 und
860 4425 913 4480 den
932 4423 1004 4479 briei
1023 4441 1064 4478 nr.
1075 4424 1118 4488 27,
1138 4423 1186 4479 der
1198 4424 1295 4494 eigene

141 4513 326 4585 anschauung
345 4516 449 4570 verrat.
522 4514 538 4568 2
556 4511 652 4568 Psalm
672 4513 713 4581 11,
732 4515 756 4568 l.
