3092 5244
793 437 856 502 108

250 612 312 676 ries
335 611 433 693 luere,
457 612 621 693 disiunxit,
645 616 677 677 et
702 633 836 698 quorum
858 611 1036 677 absenciam
1059 613 1215 678 lamentor
1239 633 1275 676 ac
1299 610 1398 676 doleo.

251 715 404 799 Cuperem
429 717 617 802 quantocius
640 718 767 782 reverti.
806 715 899 782 Omni
923 717 1005 781 enim
1030 718 1121 802 praxi
1144 739 1252 795 careo,
1276 716 1401 781 nullum

250 822 346 886 visito
378 821 556 886 formidinis
586 843 694 902 causa,
729 843 786 888 nec
819 843 1010 908 quemquam
1040 823 1169 888 visitare
1200 823 1400 905 adstringor‚

252 927 335 1011 quod
358 930 389 990 et
413 925 473 991 hoc
488 930 632 1010 tempore
648 928 762 1011 placet.
810 925 926 992 Omnes
942 927 1037 1007 enim,
1062 928 1117 1012 qui
1132 931 1221 1011 peste
1237 930 1401 1012 egrotant,

252 1032 440 1115 quantocius
471 1053 505 1096 aa
533 1033 707 1116 expediunt
737 1037 869 1118 propter
901 1033 967 1098 eius
1001 1032 1158 1097 maliciam
1182 1033 1343 1097 intensam
1367 1053 1402 1096 ec

252 1157 458 1216 venenosam,
493 1137 526 1202 in
558 1140 646 1224 quasi
670 1161 734 1204 non
758 1138 958 1223 perceptibili
990 1143 1134 1222 ternpore
1157 1137 1305 1203 humores
1331 1157 1400 1202 cor·

251 1243 339 1326 poris
371 1248 404 1306 et
438 1264 492 1308 cor
526 1245 738 1325 inlicientem,
770 1267 840 1310 cum
871 1244 969 1310 eciam
1001 1243 1068 1308 eius
1099 1243 1188 1309 crisis
1209 1242 1283 1326 plus
1307 1243 1402 1306 morti

252 1349 388 1414 attinent
419 1371 514 1434 quam
537 1351 682 1428 sanitati,
718 1352 794 1436 quia
817 1352 849 1414 in
874 1350 945 1435 ipsa
967 1349 1185 1432 corrumpitur
1208 1346 1402 1432 principium

253 1453 326 1534 vite,
356 1459 437 1518 teste
462 1453 582 1520 Galeno
609 1455 911 1536 nestorianorum,
936 1453 1034 1540 quare
1064 1458 1097 1520 et
1116 1453 1209 1533 hunc,
1233 1474 1327 1537 quern
1355 1453 1403 1517 in-

253 1558 350 1638 vadit,
375 1559 471 1624 cicius
493 1560 631 1643 perimit.
667 1559 835 1626 Terribilis
858 1565 915 1640 est,
939 1566 1052 1644 patrue
1074 1558 1245 1636 carissime,
1268 1557 1399 1622 huiusce

253 1663 300 1728 rei
324 1663 512 1729 recordacio.
559 1664 641 1732 Nam
666 1687 737 1732 curu
760 1667 850 1732 video
874 1671 906 1730 et
930 1665 1041 1744 audio,
1065 1685 1149 1729 nunc
1171 1663 1278 1742 illum,
1311 1662 1403 1728 modo

254 1767 352 1832 istum
381 1767 488 1834 efferri
522 1772 667 1855 tradique
703 1772 918 1838 sacerdotibus
941 1807 984 1818 -
1010 1792 1144 1856 quorum
1179 1773 1226 1834 est
1253 1769 1342 1834 rivos
1374 1773 1405 1832 et

254 1878 396 1939 mortuos
413 1878 660 1942 manducare-
677 1879 801 1962 ignoro,
827 1877 953 1963 quando
975 1876 1091 1942 citatur
1112 1874 1199 1954 assit,
1222 1874 1277 1960 qui
1301 1896 1351 1939 me
1366 1874 1404 1938 ad

254 1999 343 2043 snum
361 1980 504 2045 tribunal
516 1988 605 2048 vocet
615 1984 635 2048 ¹.
684 1982 751 2047 Nec
767 1988 919 2048 contenta
934 1982 1050 2047 finibus
1067 1981 1195 2060 nostris,
1211 1983 1259 2044 set
1273 1979 1307 2044 in
1331 1979 1401 2044 lon·

256 2105 331 2169 gum
349 2085 513 2171 latumque
529 2089 669 2153 fimbrias
685 2111 756 2154 suas
772 2089 805 2153 in
823 2088 889 2152 dies
904 2109 1003 2172 usqne
1025 2089 1058 2150 in
1075 2092 1226 2164 extrema,
1242 2091 1280 2148 ut
1294 2084 1403 2162 timeo,

257 2194 343 2252 terre
366 2197 501 2256 conatur
524 2196 691 2260 extendere
714 2199 757 2273 et,
781 2198 818 2259 nt
840 2194 943 2273 audio,
968 2197 1089 2257 montes
1115 2192 1177 2256 iam
1206 2189 1351 2274 attigisse
1374 2196 1405 2253 et

255 2293 399 2362 Ytaliam
423 2299 455 2363 in
479 2298 642 2385 plerisque
657 2301 735 2366 locis
758 2321 911 2384 occupare
934 2300 1029 2383 cepit.
1066 2298 1145 2362 llam
1161 2295 1272 2377 igitur,
1297 2301 1334 2359 ut
1356 2299 1404 2359 te-

257 2421 328 2466 cum
340 2404 488 2480 sanciam,
512 2404 544 2468 in
561 2405 622 2471 hoc
640 2406 768 2471 turbine
784 2427 890 2470 rerum
907 2405 994 2470 adire
1010 2402 1216 2489 quovismodo
1231 2400 1404 2465 dissuadeo.

256 2503 370 2570 censui
400 2528 522 2572 mecum
551 2508 636 2578 hunc
666 2509 847 2574 luctuosum
870 2513 903 2573 et
926 2508 1075 2572 acerbum
1109 2527 1213 2570 casum
1238 2504 1401 2571 hominum

255 2610 361 2677 animo
384 2613 461 2679 forti
485 2614 661 2696 ferendum,
685 2637 756 2680 cum
774 2620 804 2678 et
822 2614 980 2679 clarorum
997 2613 1165 2678 hominum
1181 2611 1326 2676 fortunas
1350 2610 1402 2674 ad·

255 2738 361 2780 versas
384 2740 623 2806 nonnumquam
647 2743 697 2785 me
721 2720 837 2806 legisse
870 2719 1066 2784 meminerim
1098 2721 1258 2782 ettamen
1281 2716 1403 2780 demum

255 2821 358 2885 salvos
374 2825 516 2888 evasisse.
566 2825 663 2889 Valeo
679 2826 762 2890 enim
780 2845 850 2908 ego,
875 2845 932 2888 nec
950 2823 1100 2910 quicquid
1113 2823 1268 2887 hactenus
1283 2819 1403 2884 sinistri

256 2928 484 3009 omnipotentis
512 2932 561 2995 dei
596 2931 703 3014 gracia
733 2930 924 3008 intervenit,
956 2930 1033 3014 quin
1061 2929 1122 2993 sim
1145 2947 1277 3010 corpore
1302 2946 1404 2990 sanus.

255 3029 440 3097 Preaervavi
464 3056 513 3098 me
535 3039 617 3100 nutu
639 3037 688 3101 dei
712 3038 752 3100 ab
775 3035 835 3101 hac
857 3035 1022 3100 tremenda
1052 3037 1141 3118 peste
1165 3033 1327 3117 bucusque
1355 3053 1402 3094 re·

256 3136 367 3220 medijs
390 3139 648 3221 congruentibus.
696 3139 741 3202 Eia
764 3140 866 3224 igitur
894 3141 927 3203 in
950 3162 1001 3205 mc
1032 3139 1185 3222 proficere
1214 3137 1313 3202 faciat
1335 3135 1405 3202 lon·

257 3261 334 3324 gere
357 3263 393 3306 ac
416 3263 465 3306 me
486 3243 519 3306 in
542 3245 593 3309 sni
615 3245 804 3330 obsequium
826 3246 982 3330 singulari
1007 3266 1063 3308 sua
1088 3243 1196 3328 gracia
1220 3263 1406 3306 conservare

257 3346 336 3410 velit
358 3369 416 3431 per
440 3353 583 3433 tempora
606 3351 757 3415 diuturna
780 3350 959 3415 humillime
982 3370 1103 3434 precor.

729 3529 897 3536 m-
904 3529 937 3536 ..ι-

804 3617 864 3688 54.

261 3755 452 3829 Hermann
475 3755 631 3830 Schedel
659 3779 708 3828 an
736 3757 844 3829 einen
874 3755 1145 3827 unbekannten
1174 3753 1405 3848 geistlichen.

555 3879 771 3972 [Augeturg
799 3877 912 3973 1463]
934 3898 1019 3951 nov.
1044 3880 1104 3950 23.

615 4033 678 4088 clm.
696 4033 748 4088 224
768 4034 786 4090 l.
804 4035 864 4089 294.
901 4033 1034 4104 Concept.

260 4157 422 4222 Meldet
453 4159 526 4221 den
559 4157 630 4223 tod
664 4159 736 4222 des
768 4159 950 4240 hernogs
984 4154 1149 4221 Johann
1181 4176 1210 4218 v.
1244 4153 1409 4218 Beiern.

617 4262 715 4326 Pest
746 4265 786 4326 in
813 4261 1051 4346 Augsburg.

331 4456 344 4509 1
366 4455 428 4522 Vgl.
455 4455 531 4508 linea
558 4453 646 4510 Silvio
670 4472 713 4526 ep.
732 4453 783 4518 88,
811 4394 866 4508 vlin
891 4452 942 4508 der
967 4451 1092 4508 einzelne
1111 4452 1186 4505 sdtne
1212 4449 1340 4506 wdrtliah
1365 4449 1410 4502 be·

260 4542 342 4596 nittnt
360 4539 436 4597 sind.
