3106 5246
680 459 740 526 151

134 633 165 700 Si
189 636 262 719 quis
287 636 355 700 vult
390 635 526 699 dominis
549 635 767 720 complacere,
801 635 917 700 vendat
947 633 1075 715 oleum,
1098 635 1221 718 repleat
1244 634 1289 698 cis

134 743 340 825 marsupium,
364 746 465 826 ponat
488 741 621 808 cervical
646 742 706 808 sub
728 741 833 825 capite
857 743 889 806 et
913 738 1095 824 pulvinaria
1118 740 1177 804 sub
1200 739 1288 805 omni

133 847 243 912 cubitu
268 867 379 912 manus
402 850 435 912 et
449 847 534 912 dicat
549 869 689 932 semper:
717 845 777 912 »da
792 829 909 922 Herr'c,
925 850 957 911 et
973 845 1163 930 quandoque
1179 843 1289 909 trahat

132 952 217 1036 leges
249 975 307 1036 per
338 953 450 1018 crines.
502 952 600 1031 Quid,
625 954 651 1017 si
676 953 720 1037 hij
755 952 854 1017 mali?
899 951 983 1016 Deus
1008 951 1129 1028 bonus,
1151 947 1288 1014 facultas

133 1056 304 1122 laudabilis
329 1062 360 1121 et
375 1057 510 1121 scientia
527 1058 679 1123 canonica
702 1059 822 1134 sancta,
845 1077 906 1140 que
921 1055 1024 1120 tocius
1039 1052 1288 1118 christianitatis

133 1161 277 1225 continet
291 1182 445 1239 normam,
463 1161 514 1226 cui
533 1167 697 1245 tamquam
709 1161 836 1227 domine
852 1167 884 1226 ct
901 1159 1012 1244 regine
1027 1178 1136 1224 omncs
1152 1157 1287 1222 sciencie

133 1265 272 1330 humane
307 1264 478 1330 inferiores
510 1269 542 1332 et
566 1267 723 1332 seculares
751 1266 850 1331 veluti
873 1265 1059 1349 pedissequa
1082 1261 1287 1328 ancillantur.

132 1368 162 1433 si
179 1370 291 1434 dixero
308 1369 471 1435 insimili:
490 1369 650 1435 »Pulchre
661 1370 783 1449 vestiri,
804 1369 935 1454 egregie
950 1367 1079 1434 nrentiri
1091 1372 1124 1434 et
1138 1367 1288 1434 audacter

131 1474 311 1539 interficere
335 1479 383 1538 est
407 1474 604 1540 medicorum
627 1475 762 1553 lacere«,
787 1497 848 1540 non
873 1475 1007 1540 iniurior
1030 1472 1149 1538 sanctis
1173 1472 1286 1538 Cosmo

131 1585 162 1644 et
178 1578 337 1644 Damione
361 1599 420 1644 nec
443 1578 606 1645 confundo
633 1579 787 1646 medicine
809 1579 1013 1658 facultatem,
1036 1599 1107 1644 cunr
1131 1577 1286 1662 scriptum

133 1683 226 1746 eciam
244 1683 311 1748 scio
324 1683 358 1746 in
372 1681 614 1748 Ecclesiastico:
643 1683 845 1750 ›Altissimus
862 1682 897 1772 [f.
916 1683 993 1770 272]
1011 1684 1048 1748 de
1063 1686 1151 1748 terra
1166 1683 1288 1748 creavit

132 1787 321 1852 medicinam
337 1792 369 1851 et
385 1787 434 1852 vir
454 1788 594 1871 prudens
607 1808 670 1852 non
687 1789 872 1856 abhorrebit
887 1811 955 1854 earn
967 1789 1007 1854 ¹.‹
1035 1787 1077 1852 Et
1092 1786 1193 1853 infra:
1219 1786 1287 1852 »Da

132 1890 233 1956 locum
258 1891 390 1970 medico,
414 1891 530 1956 etenim
546 1892 622 1956 deus
644 1895 764 1959 creavit
787 1893 878 1960 illum
902 1896 934 1958 et
956 1914 1019 1958 non
1043 1892 1183 1958 discedat
1206 1899 1286 1971 ate,

132 1997 204 2079 qnia
225 2018 325 2081 opera
348 1996 415 2061 eius
437 2000 513 2061 sunt
529 1999 732 2064 necessaria«
772 1997 966 2079 Hermanno,
990 2020 1027 2064 cx
1044 1997 1155 2062 multis
1171 2020 1280 2082 pauca.

134 2101 223 2186 Ruga
253 2102 413 2180 frontem,
443 2107 522 2186 puto
555 2124 604 2166 me
627 2103 706 2168 bene
732 2104 894 2188 scripsisse
926 2108 958 2170 ct
987 2104 1089 2168 fateor
1120 2125 1170 2168 mc
1204 2103 1286 2168 male

133 2208 243 2274 vixisse
267 2214 301 2274 ct
324 2207 567 2291 ingratitudinis
590 2207 717 2286 vicium,
742 2209 824 2292 quod
842 2214 889 2275 est
907 2209 1161 2295 peremptorium
1179 2209 1285 2275 anime

131 2316 161 2376 et
182 2314 370 2380 detestabile
393 2315 477 2397 apud
500 2317 603 2392 deum,
628 2336 691 2378 non
713 2314 892 2382 incurrisse.
940 2315 1075 2380 Student
1099 2316 1192 2394 boni,
1214 2321 1284 2379 stu·

132 2417 204 2484 dent
225 2418 326 2498 mali,
358 2419 422 2483 fine
454 2425 560 2484 tamen
595 2420 746 2504 inequali.
791 2420 834 2486 Et
863 2421 908 2486 sic
939 2420 1028 2485 illam
1058 2419 1284 2484 contumeliam

131 2526 222 2590 surda
246 2546 325 2591 aure
348 2525 542 2608 pertransire
566 2525 693 2590 edocuit
714 2548 764 2590 me
776 2527 929 2612 magister
946 2526 1116 2611 paciencia,
1141 2525 1195 2609 qui
1211 2546 1282 2590 cunr

131 2630 254 2714 alapam
271 2630 444 2714 accepisset
461 2635 493 2694 ct
506 2631 534 2696 ci
552 2630 727 2696 diceretur:
746 2631 829 2696 »Cur
845 2632 889 2697 sic
906 2632 1076 2715 respondes
1091 2629 1235 2712 pontifici
1246 2632 1279 2693 P«

130 2734 228 2801 nichil
240 2737 435 2802 contumelia
445 2740 556 2804 eontra
569 2757 736 2819 personam
748 2737 907 2819 pontificis
919 2744 967 2802 cst
983 2737 1144 2820 loquutus,
1162 2735 1237 2819 qnia
1252 2743 1284 2800 ct

132 2859 201 2921 sepe
216 2840 414 2925 multiloquii
425 2841 463 2924 (l)
479 2845 511 2904 et
526 2841 740 2925 inpacientcnr
757 2841 955 2925 breviloquio
979 2847 1011 2906 et
1034 2840 1196 2924 paciencia
1209 2840 1283 2906 vici.

215 2944 341 3024 Subdis,
358 2944 552 3026 Hermanno,
567 2950 693 3030 postca:
719 2945 922 3012 »llcmincris
938 2946 1100 3031 figmentis
1115 2951 1283 3029 poctarum

132 3053 161 3114 tc
184 3051 344 3116 adhesisse
366 3058 397 3115 et
421 3074 491 3118 cum
516 3053 611 3117 beato
638 3051 804 3118 Jcronimo
831 3051 1043 3136 [Ciceronem]
1070 3050 1147 3116 olim
1173 3057 1204 3116 tc
1227 3072 1282 3135 pe·

131 3156 271 3222 nitcncia
295 3178 380 3222 nunc
405 3157 535 3222 ductum
559 3158 682 3239 legisse.
732 3157 885 3222 Arbitror
899 3179 970 3242 ego,
994 3159 1022 3222 si
1039 3157 1195 3236 eomodo,
1220 3176 1284 3240 quc

132 3261 241 3328 beatus
253 3261 468 3328 Jeronimusr.
507 3261 624 3328 Verum
642 3264 755 3341 fatcor,
780 3285 829 3328 me
850 3263 906 3328 vix
929 3264 1110 3328 rudimenta
1123 3261 1284 3326 Ciceronis

132 3370 161 3430 at
183 3367 322 3432 aliorum
346 3372 498 3452 gustasse,
522 3367 601 3432 etsi
624 3368 762 3433 attendis
785 3371 882 3433 verba
905 3368 1039 3452 epistole
1056 3388 1134 3445 mee,
1158 3388 1220 3450 qua
1246 3372 1282 3430 tu

133 3472 234 3537 minus
251 3471 390 3538 fideliter
410 3473 576 3551 truncasti,
600 3473 677 3536 satis
700 3473 825 3537 esttibi
850 3478 906 3537 tua
929 3473 1102 3555 responsio.
1148 3469 1217 3549 cui,
1243 3493 1284 3534 ne

132 3574 237 3641 videar
262 3577 305 3640 rei
339 3575 428 3641 illius
458 3577 588 3642 omnino
619 3578 772 3660 ignarus,
804 3581 941 3642 annecto
973 3580 1098 3640 textum
1122 3577 1164 3640 38
1187 3575 1229 3640 di.
1254 3585 1283 3641 c⁰

133 3674 296 3762 turbat&
329 3677 393 3744 Cur
417 3702 494 3766 ergo
509 3673 527 3716 ²⁵
552 3682 725 3762 situatum,
753 3681 926 3747 dicentem:
968 3678 1148 3744 »Seculares
1173 3679 1283 3744 literas

133 3783 259 3865 qnidam
283 3785 397 3868 legunt
421 3785 459 3850 ad
483 3783 699 3868 voluptatem,
724 3791 889 3868 poetarum
914 3784 1086 3868 figmentis,
1109 3783 1142 3848 id
1165 3789 1213 3848 est
1234 3784 1282 3850 fa-

134 3887 213 3954 bulis
237 3895 270 3954 et
290 3895 410 3956 ornatu
435 3891 601 3955 verborum
626 3890 774 3956 delectati
798 3912 944 3974 semper,
968 3895 1000 3954 et
1025 3891 1084 3956 hcc
1108 3910 1170 3953 nou
1194 3890 1281 3957 licet.

133 3992 265 4069 Quidam
280 4017 354 4061 vero
370 3997 408 4060 ad
428 3997 640 4062 erudicionem
656 4018 707 4060 cas
724 3996 891 4061 addiscunt
906 4017 1049 4079 semper,
1072 4000 1106 4062 et
1122 3997 1182 4062 hoe
1197 3997 1283 4075 licet,

133 4105 168 4164 ut
176 4123 297 4166 errore
310 4102 479 4184 gentilium
492 4103 626 4186 legendo
638 4102 835 4167 detestentur
846 4107 878 4167 et
890 4101 994 4180 utilia,
1009 4123 1070 4186 quc
1085 4101 1175 4166 ineis
1193 4101 1281 4165 inve·

132 4209 248 4288 nerint,
263 4207 303 4272 ad
315 4228 408 4272 usum
423 4227 510 4272 sacre
527 4207 718 4273 crudicionis
733 4208 837 4272 devoti
851 4208 1022 4287 invertant,
1048 4208 1137 4272 idest
1153 4228 1281 4272 conver-

132 4311 210 4392 tant,
227 4311 308 4377 tales
325 4312 530 4378 laudabiliter
546 4314 702 4380 seculares
720 4314 830 4378 literas
850 4313 1048 4393 addiscunt«,
1074 4318 1110 4378 ut
1126 4313 1171 4377 ibi
1187 4313 1283 4396 longe

316 4490 320 4498 ,
695 4458 713 4490 ee

200 4541 213 4594 1
233 4539 304 4596 Eccl.
314 4539 358 4606 38,
371 4540 396 4594 4.
452 4540 468 4592 2
488 4540 522 4593 lla
536 4539 574 4594 ist
588 4539 723 4596 vielmehr
732 4541 833 4595 decret.
853 4539 983 4595 Gratiani
997 4539 1052 4596 P.1
1066 4539 1132 4596 dist.
1143 4540 1281 4600 XXXVII.
