3106 5252
803 425 843 487 10

250 598 350 674 Quam
368 599 394 662 si
413 603 443 662 te
461 599 576 662 intueri
594 599 805 683 contingeret,
829 599 944 665 Veneri
958 598 991 682 (l)
1021 598 1233 664 venustiorem
1250 603 1281 663 to
1298 598 1399 663 iudice

250 705 454 787 approbares
502 703 652 788 [capitio
675 705 873 789 singularum
900 705 1040 787 partium
1067 703 1208 786 corporis
1231 703 1397 767 mirificam

248 809 393 886 laudem,
428 831 498 872 cum
523 810 568 871 nil
592 809 647 873 illo
671 807 704 872 in
727 831 858 893 corpore
888 808 1075 872 illaudabile
1098 811 1213 871 natura
1236 808 1398 891 produxit.

249 912 295 976 De
318 914 449 978 occultis
471 934 546 976 vero
562 913 629 977 eius
646 915 791 996 partibus
807 913 920 977 melius
945 918 1048 976 tacere
1072 934 1191 990 censeo,
1216 911 1319 997 [cum]
1348 913 1398 975 in-

247 1019 372 1082 terioris
393 1019 493 1081 forme
516 1017 667 1080 iudicium
691 1017 829 1080 exterior
853 1017 979 1080 indicet.
1027 1015 1145 1080 Verum
1171 1017 1393 1100 oportunitate

251 1124 402 1207 temporis
425 1145 461 1186 ac
484 1122 553 1202 alijs
576 1143 608 1185 se
632 1123 838 1205 prebentibus
863 1121 1034 1186 delectacio
1050 1120 1221 1186 ineffabilis
1237 1127 1268 1184 et
1283 1121 1401 1186 solacia

248 1227 392 1292 inaudita
416 1228 598 1292 trahuntur.

335 1331 483 1407 Quamvis
505 1332 563 1395 hec
587 1336 617 1394 et
641 1331 818 1396 consimilia
842 1336 873 1396 te
897 1338 929 1396 et
954 1355 1001 1396 me
1026 1330 1085 1420 [et]
1111 1356 1341 1418 quemcumque
1365 1334 1397 1396 in

250 1459 357 1502 amore
381 1443 556 1502 versantem
582 1438 750 1516 delectent,
773 1444 808 1501 ut
830 1439 920 1520 vulgi
936 1439 1009 1502 licet
1032 1439 1191 1502 cuiusdam
1217 1443 1309 1522 poete
1333 1440 1398 1505 die·

248 1547 316 1606 tum
341 1543 489 1607 laudetur
512 1543 567 1624 (!):
609 1539 723 1605 »Suam
747 1543 860 1626 cuique
883 1564 1043 1625 sponsam,
1067 1543 1146 1607 mihi
1170 1565 1282 1622 meam,
1307 1565 1397 1607 suum

249 1648 361 1732 cuique
385 1669 534 1726 amorem,
558 1646 637 1710 mihi
654 1668 792 1724 meum«,
816 1653 852 1710 nt
876 1653 907 1710 et
930 1670 1040 1711 verum
1066 1645 1086 1734 [.
1106 1696 1112 1709 .
1132 1698 1138 1711 .
1158 1699 1163 1710 .
1181 1647 1211 1734 o]
1231 1649 1240 1682 ¹
1273 1648 1398 1723 dicitur,

249 1754 331 1836 quod
355 1753 571 1836 unusquisque
604 1772 732 1814 suarum
757 1773 859 1815 rerum
886 1752 1040 1837 benignus
1071 1757 1118 1816 est
1141 1753 1312 1835 interpres,
1344 1753 1399 1815 ad·

251 1857 373 1921 icienda
396 1863 499 1921 lamen
524 1857 609 1921 racio
633 1878 669 1920 ac
692 1857 801 1919 modus
826 1859 883 1935 est,
908 1878 970 1940 quo
988 1856 1033 1920 nil
1057 1857 1199 1940 pulcrius
1224 1858 1398 1939 excogitari

250 1967 365 2044 potest,
389 1985 428 2025 ne
452 1963 575 2026 animus
599 1961 699 2025 amori
721 1962 849 2025 omnino
881 1962 1005 2026 deditus
1030 1959 1074 2048 [a]
1104 1963 1323 2046 principaliori
1348 1962 1397 2025 in-

251 2071 340 2131 tento
363 2067 494 2131 nimium
520 2066 769 2152 abstrahat[ur].
817 2066 916 2131 Amor
945 2069 1028 2131 enim
1067 2091 1135 2131 cum
1161 2069 1303 2151 periculo
1326 2090 1400 2151 sepe

249 2172 418 2236 concordat
447 2176 479 2235 et
510 2173 583 2236 dum
608 2173 645 2236 ad
671 2173 701 2236 id
724 2173 825 2237 solum
850 2178 958 2250 vocat,
987 2175 1069 2258 quod
1094 2174 1212 2258 diligit,
1236 2196 1398 2259 nunquam

249 2281 355 2342 tamen
391 2278 495 2353 ridet,
529 2279 612 2362 quod
637 2279 773 2361 expedit.
819 2277 902 2342 Nam
928 2275 1034 2366 [teste]
1059 2278 1166 2342 Tullio
1191 2280 1338 2342 omnibus
1361 2301 1399 2342 ex

250 2382 348 2445 animi
371 2383 571 2464 passionibus
595 2384 683 2448 nulla
706 2389 754 2447 est
776 2406 882 2449 amore
905 2382 1157 2449 veliementior².

336 2485 404 2550 Hoc
428 2487 529 2572 igitur
549 2487 690 2552 fraterne
714 2511 749 2553 ac
766 2490 960 2554 confidenter
983 2490 1097 2568 scribo,
1121 2511 1251 2572 sperans
1275 2510 1337 2552 non
1364 2489 1396 2553 in

249 2593 364 2656 malam
387 2598 442 2656 aut
465 2616 533 2657 eam
556 2595 713 2677 suscipere
736 2601 868 2677 partem,
892 2600 929 2659 ut
952 2597 1000 2659 ius
1022 2595 1150 2680 aliquod
1174 2595 1206 2657 in
1231 2615 1396 2677 personam

250 2703 338 2761 tuam
361 2698 526 2762 vendicare
541 2721 731 2782 presumere,
756 2708 788 2763 et
803 2701 962 2765 similibus
979 2723 1028 2763 me
1044 2701 1215 2764 obnoxium
1232 2701 1305 2763 scio.
1345 2698 1397 2763 Li-

250 2807 299 2867 cet
322 2803 419 2867 iocari
437 2809 557 2884 mutue,
581 2812 616 2868 ut
639 2806 833 2870 occasionem
858 2829 1015 2890 quamque
1051 2804 1237 2890 [scrib]endi
1262 2804 1400 2868 vicissim

250 2907 431 2972 habeamus,
487 2908 522 2972 ld
556 2911 633 2974 mihi
667 2918 795 2991 gratum
819 2911 974 2988 efficereS,
1003 2912 1086 2994 quod
1109 2915 1141 2974 et
1163 2910 1397 2993 optatissimum

251 3017 307 3092 est,
330 3012 357 3074 si
381 3013 485 3096 sepius
508 3015 545 3077 ad
577 3037 625 3078 me
648 3016 812 3096 scripseris
836 3015 961 3088 literas,
988 3021 1069 3077 'nam
1090 3036 1147 3077 nec
1171 3035 1241 3077 mea
1264 3015 1325 3077 tibi
1349 3035 1398 3076 re-

250 3139 365 3200 sponsa
381 3118 522 3197 deerunt,
548 3121 662 3203 quibus
678 3143 739 3184 non
759 3126 845 3183 tuam
863 3120 1077 3204 eloquentiam
1101 3142 1219 3203 equare
1241 3121 1394 3197 studeam,

250 3245 319 3286 cum
343 3227 375 3286 te
398 3223 499 3287 virum
517 3227 753 3288 ornatissimum
770 3227 852 3303 novi,
877 3226 927 3289 cui
944 3226 1004 3308 ipsi
1024 3225 1119 3289 facile
1142 3227 1251 3288 cedere
1268 3225 1396 3308 possim,

249 3333 297 3391 set
321 3350 378 3406 ree,
403 3329 435 3391 in
460 3331 574 3414 quibus
597 3336 651 3394 tue
674 3332 885 3395 versabuntur
908 3330 1008 3409 litere,
1037 3355 1054 3394 a
1077 3353 1126 3394 me
1149 3328 1320 3414 diligenter
1344 3350 1394 3393 ac-

250 3436 298 3496 tas
321 3436 501 3500 rescribam.

339 3536 493 3604 Laborem
516 3542 625 3606 volens
648 3543 778 3619 subibo,
812 3564 1008 3627 quecumque
1040 3542 1091 3605 hic
1117 3541 1316 3605 rescribenda
1341 3539 1398 3603 tibi

250 3641 318 3705 fore
341 3643 533 3725 placuerint,
566 3670 621 3711 nec
645 3670 793 3731 umquam
818 3648 897 3711 mihi
922 3648 1011 3711 labor
1035 3648 1106 3723 erit,
1129 3669 1200 3710 curn
1223 3646 1326 3709 libens
1350 3644 1398 3708 fe-

250 3768 331 3811 cero.
378 3748 484 3812 Solum
502 3753 601 3815 libros
623 3752 675 3815 bic
691 3753 910 3816 rescribendos
933 3753 1085 3836 proximis
1102 3751 1165 3815 tuis
1181 3751 1309 3831 scriptis
1333 3751 1398 3832 sig-

251 3852 380 3917 nificare
403 3876 501 3920 cures.
548 3855 725 3938 Scriptores
742 3861 846 3919 tamen
863 3857 915 3920 hic
939 3857 1011 3920 boni
1030 3878 1158 3938 perraro
1184 3856 1400 3937 reperiuntur,

252 3960 448 4040 experientia
481 3960 590 4024 doctus
614 3959 733 4046 [dico],
758 3983 827 4026 cum
851 3984 958 4026 omnes
981 3961 1134 4044 lascivijs,
1166 3966 1201 4023 ut
1224 3960 1320 4024 moris
1344 3966 1401 4035 est,

251 4063 349 4126 dediti
372 4066 446 4128 sint.
493 4064 703 4149 Diligenciam
729 4067 935 4131 nibilominus
968 4073 1107 4131 exactam
1139 4067 1303 4130 adhibebo.
1352 4063 1401 4128 De

251 4165 402 4232 Terentio
431 4173 641 4253 comparando
677 4173 758 4236 bono
783 4177 814 4236 et
838 4176 978 4236 correcto
1001 4193 1075 4248 oro,
1109 4175 1145 4233 ut
1172 4171 1250 4234 aduc
1272 4191 1403 4252 operam

818 4311 835 4350 =l<

325 4419 336 4470 l
357 4415 449 4470 Puto‘l
469 4416 565 4484 Vergl.
585 4416 623 4468 im
644 4416 762 4485 librigen
781 4415 913 4470 Petrarca
932 4417 950 4470 l.
971 4435 991 4470 c.
1011 4417 1071 4479 400,
1090 4415 1138 4468 der
1158 4413 1217 4467 hier
1236 4413 1337 4467 wieder
1357 4414 1402 4466 be·

251 4504 332 4555 nutat
351 4500 396 4554 isc.
469 4503 485 4556 2
505 4503 637 4558 Petraroe
656 4503 674 4559 l.
694 4521 715 4558 c.
738 4505 798 4558 402.
