3106 5252
714 437 751 500 11

151 612 313 691 adhibeas,
336 634 408 676 narn
434 610 639 693 exinopinata
662 632 735 694 sepe
752 610 870 674 venalis
887 611 1054 694 reperitur.
1105 609 1302 693 Habsogra·

153 722 203 780 tes
225 716 416 781 humanitati
440 720 494 780 tue
518 715 555 779 de
583 720 639 779 tuo
656 715 812 779 mittendo
828 713 987 792 Terentio,
1013 737 1106 799 quem
1128 714 1304 792 cimmeria,
1418 764 1419 768 ,

153 821 371 905 gratissimum
393 821 464 886 erit.
512 819 642 884 Mallem
658 824 690 884 et
711 819 829 884 habere
845 820 1022 902 proprium,
1046 821 1079 884 iu
1104 842 1166 905 quo
1182 843 1303 884 memo-

152 927 232 989 riam
256 925 388 990 localem
423 926 549 990 firmare
573 947 704 1008 possem.
761 925 871 989 Habeo
904 930 1028 1008 parbem
1053 926 1157 990 Plauti
1182 926 1215 989 in
1239 927 1303 990 suis

151 1030 310 1113 comedijs‚
334 1031 381 1094 uti
405 1030 500 1096 fratri
524 1029 750 1114 Sigismundo¹
784 1030 945 1113 proxime,
984 1035 1019 1093 ut
1043 1030 1120 1094 mihi
1145 1030 1305 1113 complere

151 1136 279 1213 faceret,
303 1135 489 1218 suplicando
510 1135 638 1218 scripsi‚
663 1157 755 1219 quem
779 1135 804 1198 si
829 1136 973 1199 venalem
997 1135 1114 1198 bouum
1137 1135 1304 1219 reperires,

153 1261 338 1323 comparare
361 1240 441 1304 milri
466 1263 527 1305 non
552 1241 780 1323 pretermittas.

244 1344 363 1427 Cogor,
397 1345 498 1410 frater
521 1345 657 1429 optime,
680 1345 879 1429 proehdolor‚
904 1346 964 1410 tibi
988 1347 1148 1410 insinuare
1172 1351 1305 1409 mortem

156 1450 329 1514 confratris
353 1451 401 1515 tui
425 1456 457 1515 et
479 1451 675 1534 preceptoris
692 1451 752 1514 mei
769 1452 797 1514 d.
816 1449 980 1515 Michaelis
1004 1453 1041 1515 de
1057 1449 1271 1535 Nippenburg
1282 1449 1304 1528 ¹,

152 1557 207 1638 qui
230 1577 268 1618 cx
291 1556 474 1620 dissinteria
490 1556 532 1639 (l)
560 1554 773 1640 Heidelberge
796 1561 870 1620 ante
885 1557 1002 1620 festum
1021 1556 1184 1620 Michaelis
1207 1555 1304 1640 spiri·

152 1665 222 1723 tum
246 1681 338 1724 suum
354 1659 510 1724 altissimo
526 1661 651 1724 volente
662 1660 698 1744 [l]
722 1660 868 1725 reddidit.
909 1662 1036 1737 Quanto
1051 1682 1088 1724 ex
1111 1662 1178 1726 eius
1202 1671 1306 1726 morte

155 1765 264 1829 dolore
287 1787 323 1830 ac
345 1765 434 1828 luctu
457 1765 489 1828 in
514 1766 620 1830 animo
644 1769 806 1849 torqueor,
831 1767 896 1831 scio
912 1771 944 1830 te
967 1788 1028 1831 non
1053 1767 1158 1831 minus
1182 1789 1231 1830 me
1247 1790 1304 1830 an·

152 1871 245 1949 xiari,
267 1871 341 1935 dum
366 1870 432 1934 eius
454 1872 657 1950 modestiam,
687 1871 864 1955 singulares
894 1873 1028 1936 virtutes
1062 1893 1098 1935 ac
1120 1893 1215 1955 opera
1239 1872 1306 1936 eius

151 1976 295 2040 virtuosa
317 1997 472 2040 recensec.
519 1975 604 2040 Proh
630 1977 731 2040 virum
756 1976 789 2040 iu
814 1976 890 2040 flore
918 1976 1093 2060 iuventutis
1117 1976 1219 2041 adhuc
1242 1977 1304 2041 ful-

152 2084 282 2163 gentem
304 2086 370 2144 tam
394 2081 500 2146 subito
523 2086 555 2145 et
579 2082 696 2165 raptim
720 2103 736 2146 s
760 2082 862 2147 medio
885 2082 1015 2147 aufferri
1030 2131 1121 2149 .....

706 2339 740 2408 8.

156 2476 351 2550 Hermann
363 2473 518 2548 Schedel
533 2498 582 2546 an
592 2475 818 2548 Hartmann.
830 2477 1028 2569 Augsburg
1041 2477 1134 2549 1457
1148 2499 1231 2550 nov.
1244 2479 1302 2548 23.

413 2612 476 2665 clm.
497 2611 549 2665 418
568 2610 590 2664 f.
609 2612 670 2666 264.
701 2611 844 2666 Abschrift
865 2612 1045 2667 Hartmanns.

153 2737 422 2820 Hrmahnung
452 2758 540 2800 zum
571 2737 775 2814 studium,
808 2739 1047 2802 besonders
1071 2739 1141 2802 der
1165 2758 1303 2820 gram-

227 2843 371 2907 matilr.
421 2842 779 2926 Hrwiihnuugdes
812 2841 1229 2906 bruderslohannes.

244 2980 387 3044 Plurima
409 2985 441 3043 te
464 2979 617 3062 sospitate
640 2978 704 3042 frui
725 2979 827 3062 cupio,
853 2979 990 3062 patrue³
1014 2981 1136 3046 dilecte.
1184 2981 1304 3066 Expec-

152 3086 259 3150 tabam
292 3107 349 3168 per
379 3085 503 3168 aliquot
536 3083 600 3147 iam
623 3089 801 3166 temporum
826 3084 1006 3161 curricula,
1040 3093 1075 3150 ut
1099 3092 1170 3150 tuas
1192 3088 1232 3151 ad
1256 3111 1305 3150 me

155 3191 344 3276 quandoque
368 3190 492 3254 litteras
515 3191 758 3268 transmitterea
783 3194 903 3253 statum
929 3191 1140 3256 valetudinem
1163 3194 1305 3276 corporis

154 3296 265 3380 tuique
286 3296 512 3380 significantes,
536 3295 587 3358 sed
608 3295 722 3371 nescio,
748 3295 862 3378 quibus
879 3298 1063 3380 prepeditus
1086 3304 1142 3362 aut
1166 3322 1228 3382 qua
1250 3321 1303 3361 ex-

718 3403 737 3438 {¹

227 3471 239 3522 1
260 3469 422 3524 Meisterlin.
461 3469 554 3537 Vergl.
576 3470 663 3522 unten
683 3483 723 3521 nr.
745 3468 785 3520 14.
886 3469 1046 3523 2Melrrere
1065 3469 1226 3536 mitglieder
1246 3469 1305 3522 des-

152 3560 247 3615 selben
266 3557 439 3628 geschlcchts
459 3557 557 3611 stehen
576 3556 605 3609 in
626 3555 676 3610 der
694 3554 760 3608 liste
778 3555 828 3608 der
845 3557 910 3610 1462
925 3557 969 3611 bei
983 3556 1109 3626 Giengen
1127 3558 1306 3625 gefangeuen

151 3667 172 3701 s.
192 3645 463 3701 Sttdte-Ohroniken
483 3646 516 3707 X,
536 3645 596 3699 267.
668 3646 683 3698 3
702 3639 737 3697 So
757 3641 802 3696 die
821 3645 952 3713 standige
972 3645 1074 3699 anrede
1088 3645 1248 3698 Hermanns
1268 3663 1304 3697 an

153 3735 322 3789 Hartmann.
362 3733 535 3802 Umgelrehrt
553 3734 642 3787 neunt
663 3733 733 3786 auch
748 3731 908 3786 Hartmann
921 3732 974 3787 den
991 3735 1132 3788 Hermann
1153 3731 1239 3786 »mihi
1258 3749 1305 3802 pa·

154 3823 250 3876 truuu
265 3839 285 3877 s.
299 3820 495 3890 Forschungen
509 3821 555 3884 Xl,
575 3819 636 3876 358.
672 3818 861 3883 Dieffenbach,
882 3820 1003 3875 Glossar.
1024 3821 1102 3888 giebt
1115 3839 1134 3872 s.
1151 3821 1305 3889 apaturiis

154 3911 226 3964 auch
245 3909 289 3964 die
308 3910 470 3979 bedeutung
490 3913 594 3977 vatter„
609 3910 677 3975 (was
694 3910 726 3978 ja
745 3908 820 3962 mhd.
832 3907 1005 3963 ebenscwohl
1028 3908 1232 3970 vatersbruder‚
1254 3906 1305 3960 wie

153 3996 352 4066 bruderssohn)
380 3997 436 4051 und
467 4016 495 4053 so
522 3997 609 4051 heisst
633 4014 660 4051 es
680 3997 798 4050 anchin
818 3996 871 4049 den
892 3996 1071 4064 Nr'irnberger
1090 3994 1305 4064 rechnungsein·

153 4087 270 4152 tragen:
301 4108 321 4139 e.
343 4124 347 4134 .
369 4129 374 4139 .
395 4084 503 4142 beczalt
520 4084 616 4139 doctor
637 4085 773 4139 Hartman
791 4085 904 4138 Schedel
932 4085 976 4136 fur
996 4085 1028 4136 59
1047 4083 1165 4151 pucher‚
1195 4082 1239 4136 die
1258 4081 1305 4136 des

155 4171 235 4224 alten
254 4171 350 4226 doctor
365 4169 505 4226 Hermanss
525 4170 603 4225 seinss
623 4174 734 4225 vettsrn
754 4171 951 4240 genesteale«
972 4170 1079 4240 [Mitth.
1101 4168 1127 4222 d.
1138 4169 1167 4222 V.
1180 4171 1198 4225 f.
1209 4171 1305 4226 Gesch.

154 4258 180 4310 d.
200 4257 284 4312 Stadt
299 4258 450 4328 Niirnberg
462 4257 508 4323 Vl,
527 4259 592 4329 148}
619 4258 680 4313 Wie
693 4260 743 4313 das
762 4258 905 4313 wirlrlichc
926 4258 1306 4314 verwandtschaltsverhalt-

154 4345 197 4399 nis
217 4363 282 4410 war,
302 4347 371 4400 lasst
392 4345 449 4400 sich
477 4364 527 4400 aus
557 4363 659 4400 unsern
679 4347 783 4400 briefen
810 4364 855 4398 am
874 4363 903 4401 so
922 4343 1044 4412 weniger
1064 4347 1234 4410 l'eststellen,
1263 4347 1306 4400 als

155 4433 298 4488 Hermann
317 4436 387 4488 auch
407 4435 461 4490 den
490 4435 625 4493 vormund
655 4437 691 4506 (l)
711 4435 898 4497 Hartmanns,
925 4433 1046 4497 Marcus,
1074 4435 1191 4503 patruus
1211 4436 1305 4496 neunt,

153 4539 173 4574 s.
193 4539 234 4575 nr.
254 4523 296 4577 49.
