3106 5246
809 433 872 500 148

295 721 297 725 ·
800 686 861 758 68.

258 809 435 884 Heinrich
463 809 539 882 Lur
566 832 615 882 an
649 810 840 882 Hermann
873 808 1040 884 Schedel.
1097 811 1282 905 Dillingen
1313 811 1408 884 1466

763 933 835 1024 juli
870 933 900 1004 l.

485 1087 486 1090 ’
546 1087 609 1141 clm.
629 1086 715 1142 24847
735 1085 756 1140 f.
774 1085 938 1143 avo-277¹».
966 1086 1119 1142 abanan.

257 1221 464 1288 Antvvort
494 1221 841 1286 auldiebeiden
874 1220 1263 1288 briefeSchedela
1309 1221 1411 1286 Ver-

257 1327 428 1412 teidigt
461 1327 548 1392 sich
580 1347 718 1412 gagen
741 1327 828 1396 ¹den
857 1326 1063 1405 vorwurl,
1096 1327 1158 1391 die
1187 1326 1412 1409 jurispru-

256 1433 352 1495 denz
374 1432 630 1515 geschmiiht
652 1455 699 1496 uu
721 1431 876 1509 haben,
899 1431 1002 1496 aber
1025 1454 1111 1496 man
1136 1432 1270 1496 kbnne
1293 1433 1413 1497 nicht

255 1535 352 1600 frnh
377 1536 960 1622 genugsichgottwidmen.
1007 1533 1412 1620 Warnangvorden

208 1691 214 1699 .
257 1646 418 1724 poetae.
479 1639 781 1724 Rechtfertigt
818 1639 903 1704 sich
944 1629 1125 1704 e'ndlich
1165 1662 1299 1726 gegen
1334 1642 1412 1705 den

271 1729 272 1732 Ἴ
397 1745 594 1811 vorwurf
614 1744 864 1809 weibischer
887 1745 1012 1832 klage
1034 1768 1097 1810 um
1123 1745 1271 1811 Gessel.

345 1884 477 1950 Famoso
490 1885 644 1950 medicine
658 1884 779 1949 doctori
796 1885 951 1968 magistro
966 1884 1150 1954 Hermanno
1167 1887 1296 1952 Schedel
1307 1885 1412 1952 Hein-

255 1991 339 2056 ricus
357 1989 422 2056 Lur
450 1993 482 2055 in
507 1991 641 2056 decretis
663 1989 849 2056 licenciatus
873 1991 905 2054 in
929 1991 1059 2056 domino
1082 1991 1216 2057 salutem
1242 1995 1274 2056 et
1289 1993 1414 2058 anseris

254 2095 411 2160 calamum
434 2097 468 2160 in
491 2096 575 2160 linea
596 2096 755 2161 virtutum
780 2097 939 2162 cohibere.
990 2096 1028 2162 ln
1046 2099 1277 2182 scripturarum
1297 2120 1413 2182 campo

255 2203 415 2267 immerito
439 2201 575 2286 diligens
598 2206 750 2286 provocat
774 2200 971 2286 diligentem.
1022 2202 1106 2268 Sane
1129 2202 1221 2268 vultu
1245 2203 1352 2288 hylari
1380 2210 1413 2268 et

254 2306 387 2372 iocunde
403 2307 545 2390 duplices
561 2306 624 2390 hijs
639 2307 783 2390 proxime
804 2307 927 2372 effluxis
943 2309 1053 2373 diebus
1074 2331 1090 2372 a
1108 2315 1140 2373 te
1162 2309 1269 2392 accepi
1288 2309 1413 2389 literae,

253 2418 285 2476 et
300 2412 374 2477 dnm
390 2411 585 2495 principium
600 2412 703 2496 prime
716 2412 905 2493 lectitarem,
930 2413 1072 2478 intonuit
1102 2414 1233 2479 auribus
1251 2415 1413 2497 predulcis

253 2515 381 2581 afflatus
405 2522 437 2580 et
460 2516 587 2581 auditus
611 2516 718 2580 hausit
740 2517 880 2599 placidos
916 2538 1085 2598 sermones,
1118 2524 1149 2582 et
1172 2519 1246 2582 dum
1269 2519 1316 2582 sic
1338 2519 1412 2583 dul·

253 2621 333 2686 citer
366 2625 473 2686 auster
503 2621 651 2704 perflaret
677 2620 863 2705 bleringos¹
894 2621 1019 2688 auditus
1032 2620 1065 2701 ²,
1100 2623 1186 2687 illico
1218 2623 1252 2686 in
1274 2644 1412 2709 sequeu-

253 2727 340 2792 tibus
374 2729 512 2793 surrexit
545 2727 653 2813 aquilo
688 2731 720 2790 et
751 2727 864 2791 attulit
895 2748 987 2792 sonos
1019 2728 1120 2793 multe
1151 2729 1357 2812 displicencie
1381 2735 1414 2794 et

252 2832 352 2896 veluti
378 2832 625 2919 ingratitudinis
648 2831 829 2896 vehiculum
854 2832 988 2896 tristicie
1016 2833 1176 2918 spiramen
1202 2833 1330 2899 advexit
1353 2857 1412 2898 au·

252 2937 404 3022 ribusque
442 2935 612 3022 plurima³
651 2937 755 3001 minus
801 2936 921 3020 placita
955 2937 1160 3002 ministravit.
1215 2938 1250 3001 ln
1294 2939 1413 3022 primis

252 3042 315 3106 ibi:
356 3041 496 3107 »Deinde
531 3041 715 3106 lamentaris
749 3045 781 3104 te
803 3041 913 3106 florem
937 3042 1131 3106 iuventutis«
1160 3046 1220 3106 etc.
1245 3047 1278 3106 et
1304 3042 1416 3107 infra:

255 3146 429 3213 »Existimo
451 3153 484 3212 te
506 3153 583 3212 tunc
611 3147 766 3232 temporis
795 3148 828 3211 in
857 3169 980 3212 summo
1017 3147 1182 3212 felicitatis
1204 3148 1306 3231 gradu
1330 3148 1412 3212 esti·

251 3253 394 3318 macione
419 3258 474 3318 tua
498 3252 595 3316 fuisse
618 3253 725 3331 situm,
750 3252 902 3337 quociens
926 3253 1009 3317 forte
1033 3275 1130 3317 unum
1154 3251 1306 3337 fragilem
1329 3253 1412 3337 silc·

250 3359 388 3442 giemum
413 3365 445 3423 et
467 3357 569 3422 nichil
593 3379 631 3422 ex
655 3356 776 3422 nichilo
799 3359 1040 3422 concludentem
1060 3357 1163 3422 multa
1187 3357 1310 3422 cerebri
1333 3381 1410 3422 ver-

250 3463 351 3547 tigine
379 3467 449 3527 tota
480 3461 639 3545 insompni
663 3465 755 3527 nocte
780 3462 940 3525 texueris«
967 3468 1024 3526 etc.
1071 3460 1271 3542 Hermanno,
1305 3461 1409 3526 clam·

250 3569 374 3634 destina
390 3567 497 3632 fundis
513 3567 698 3651 opprobria,
711 3589 763 3632 me
781 3568 863 3631 forte
881 3589 1093 3631 remorsurum
1112 3565 1287 3651 suspicans.
1314 3567 1413 3632 Certe

249 3695 312 3738 non
336 3675 474 3754 certabo,
499 3673 559 3736 nisi
582 3672 748 3736 scolastico
776 3673 960 3752 certamine,
984 3672 1078 3738 aliter
1101 3693 1180 3737 vane
1198 3673 1229 3736 in
1249 3676 1410 3738 metuam

249 3779 380 3845 aconisti
403 3780 560 3864 linguam.
607 3775 657 3841 Ne
674 3782 781 3842 tamen
798 3778 903 3844 dicas:
927 3778 1024 3843 verba
1040 3778 1104 3843 feci
1120 3783 1246 3842 mortuo
1264 3782 1295 3841 et
1311 3779 1411 3844 surdo

249 3884 375 3950 narravi
398 3883 559 3961 fabulam,
593 3883 625 3946 in
647 3905 796 3966 campum
826 3883 1010 3948 certaminis
1047 3884 1237 3948 descendens
1259 3883 1410 3967 singulas

249 3989 477 4055 invectivarum
499 3992 627 4052 tuarum
652 3993 768 4071 parteS,
792 3993 887 4072 prout
911 3989 1046 4073 prodigo
1069 3989 1144 4053 stilo
1175 3989 1324 4069 exarasti,
1349 4011 1410 4072 po·

248 4117 330 4174 nam,
354 4117 394 4159 ne
417 4117 466 4158 me
488 4093 610 4177 aliquid
634 4095 814 4179 confingere
836 4096 1015 4178 suspiceris,
1041 4099 1073 4159 et
1099 4095 1138 4159 ad
1165 4095 1291 4158 easdem
1315 4094 1411 4160 iuxta

248 4199 531 4285 docilevingenium
558 4222 576 4263 a
598 4203 739 4264 creatore
762 4200 871 4265 datum
888 4201 1098 4284 respondebo,
1123 4200 1198 4286 quia
1226 4199 1331 4264 nichil
1357 4223 1410 4264 re·

247 4307 403 4389 spondere
424 4305 553 4370 omnino
577 4305 657 4369 utile
680 4327 742 4370 non
766 4306 900 4384 videtur,
925 4329 965 4370 ne
989 4307 1088 4373 eciam
1106 4306 1331 4388 responsionis
1350 4325 1409 4388 pe-

818 4430 837 4465 a

321 4513 333 4566 l
355 4512 463 4582 Mering
483 4513 554 4566 slidl.
573 4530 627 4568 von
643 4513 800 4582 Augsburg.
854 4515 888 4566 .2
908 4514 1021 4568 aditus?
1093 4510 1372 4582 3eod.p1urimum.
