3106 5246
816 468 880 538 178

209 632 211 639 ’
277 639 446 720 commisit,
470 645 506 704 ut
530 639 585 704 60·
601 641 730 706 ducatos
748 642 837 705 iuxta
853 645 909 704 tua
924 640 985 705 sibi
1002 640 1122 724 scripta
1135 639 1167 703 in
1187 638 1363 705 Bononiam
1381 661 1433 705 or·

277 745 420 811 dinarem
446 766 503 828 per
519 745 742 810 Hieronimum
762 744 877 824 Prono,
901 745 985 828 quod
1001 748 1033 808 et
1056 744 1128 823 feci,
1145 765 1224 827 quos
1240 746 1272 808 in
1290 745 1435 828 hospicio

277 851 315 915 ad
331 850 454 915 leonem
475 850 619 914 Bononio
635 871 692 914 suo
709 849 838 914 nomine
853 849 1014 931 suscipies.
1061 847 1145 914 Oura
1166 850 1278 933 igitur,
1302 853 1339 913 ut
1363 854 1433 914 stu·

277 957 364 1020 dium
387 960 479 1020 tuum
503 957 666 1039 inceptum
689 953 775 1018 felici
807 953 944 1037 utilique
967 954 1030 1017 fine
1053 954 1209 1036 perficias.
1249 953 1433 1019 Licenciam

276 1061 355 1125 iuris
378 1061 532 1137 canonici,
556 1065 592 1125 ut
608 1083 646 1124 ex
663 1060 726 1124 tuis
742 1058 826 1122 sensi
850 1059 989 1141 scriptis,
1015 1059 1247 1142 quantociuste
1273 1059 1436 1142 suscipere

277 1166 419 1250 (scribis)
443 1165 548 1244 laudo,
571 1164 761 1250 inquamlt).
809 1163 964 1248 Vestigijs
981 1165 1065 1229 enim
1081 1165 1220 1230 virorum
1236 1165 1385 1229 inherere
1402 1171 1436 1228 te

279 1272 364 1348 scio,
388 1291 524 1355 quorum
557 1271 708 1334 virtutem
740 1267 862 1333 imitari
884 1265 992 1353 cupis,
1023 1291 1117 1353 quam
1147 1274 1179 1334 et
1209 1270 1340 1334 summis
1367 1291 1435 1333 am-

275 1375 414 1458 plectere
448 1381 480 1439 te
510 1375 632 1440 viribus
667 1374 786 1438 hortor.
842 1371 878 1438 Id
915 1375 998 1438 enim
1032 1374 1109 1451 cibi,
1144 1373 1224 1438 mihi
1246 1374 1435 1439 omnibusve

277 1481 342 1544 tuis
365 1481 473 1545 amicis
498 1480 764 1546 iocundissimum
789 1499 825 1543 ac
848 1478 909 1543 tibi
932 1478 1139 1544 honorificum
1163 1478 1434 1561 utilissimumque

279 1586 349 1653 erit.
388 1585 489 1670 Perge
513 1606 588 1670 ergo
615 1590 665 1673 et„
684 1606 746 1670 quo
777 1585 996 1662 traducitur,
1019 1584 1296 1668 dirigegressum
1320 1585 1434 1668 inquo
1541 1609 1542 1634 1

276 1695 308 1754 te
324 1691 399 1754 deus
414 1713 471 1755 sua
487 1692 658 1756 clemencia
673 1691 810 1757 feliciter
825 1691 965 1775 dirigere
981 1691 1059 1756 velit
1073 1691 1107 1754 in
1132 1691 1304 1755 maximam
1327 1691 1376 1753 tui
1397 1710 1434 1753 ac

277 1794 491 1878 plurimorum
523 1796 680 1874 salutem,
704 1799 820 1880 patrue
848 1817 988 1878 precare.
1038 1794 1118 1859 Vale
1147 1793 1287 1859 feliciter
1317 1798 1350 1858 et
1373 1816 1434 1874 me,

277 1904 313 1963 ut
336 1900 459 1982 cepisti,
484 1923 564 1965 aura.
614 1901 659 1964 Ex
683 1899 906 1984 Nuremberga
928 1901 1106 1984 penultima
1130 1899 1204 1980 Maij
1234 1899 1328 1962 1468.

817 2251 879 2327 80.

277 2398 471 2473 Hermann
501 2398 661 2473 Schedel
689 2424 737 2472 au
757 2401 963 2498 [lohannes
992 2401 1174 2498 Schedel]
1229 2401 1434 2496 Nbrnberg
1541 2369 1542 2382 i

703 2523 801 2596 1468
824 2524 897 2617 juli
926 2525 972 2596 25
990 2521 1013 2597 ².
1541 2517 1542 2546 ¹

639 2697 703 2752 clm.
723 2697 772 2752 441
793 2698 812 2752 f.
827 2696 902 2752 21812.
940 2695 1071 2768 concept.

340 2820 497 2887 Bittet
520 2821 614 2903 ibn,
637 2824 713 2888 der
737 2825 835 2906 pest
858 2843 996 2907 wegen
1021 2822 1375 2889 beimzulrehren.

367 2959 511 3027 Salutem
533 2962 704 3046 plurimam
720 2967 822 3047 optat.
867 2961 987 3028 Patrue
1002 2961 1174 3028 carissime.
1224 2963 1335 3028 Allato
1360 2967 1435 3028 sunt

277 3065 371 3128 litere
396 3069 449 3130 tue
471 3067 575 3151 pridie
598 3073 713 3151 patruo
737 3071 847 3132 nostro
875 3067 982 3134 Marco
1006 3073 1038 3133 et
1062 3088 1214 3153 germano
1238 3074 1294 3133 tuo
1316 3067 1434 3133 Georio

278 3191 316 3232 ex
332 3166 481 3252 Venecijs
504 3191 562 3254 per
585 3173 736 3237 nuncium
760 3174 932 3256 quendam,
957 3175 991 3238 in
1016 3175 1131 3257 quibus
1161 3176 1297 3256 protunc
1320 3193 1339 3237 a
1363 3175 1436 3238 dato

279 3274 447 3339 literarum
471 3275 608 3341 florenos
632 3277 692 3341 tibi
716 3279 826 3342 missos
848 3279 939 3343 iuxta
961 3279 1070 3362 priora
1086 3283 1142 3342 tua
1160 3279 1281 3362 scripta
1303 3299 1361 3362 per
1385 3299 1435 3342 so-

281 3378 428 3444 cietatem
451 3381 593 3463 ipsorum
609 3380 750 3446 Prawn²
776 3382 918 3447 Bononie
950 3383 1116 3448 solvendos
1139 3384 1281 3448 nondum
1305 3386 1338 3447 te
1361 3405 1434 3467 per·

277 3486 398 3568 cepisse
421 3485 574 3550 intellexi.
621 3485 720 3572 Spero
743 3493 870 3567 tamen,
901 3511 953 3553 eos
987 3490 1072 3573 ipsos
1094 3510 1178 3565 nunc
1205 3493 1237 3553 te
1259 3489 1436 3572 suscepisse

280 3595 312 3654 et
336 3591 410 3674 quia
435 3590 488 3656 hic
504 3590 591 3656 fama
603 3593 796 3676 percrebuit,
819 3598 940 3676 pestem
956 3593 1048 3657 valde
1062 3615 1147 3657 nunc
1162 3593 1263 3657 sevire
1281 3592 1435 3670 Bononio,

280 3695 388 3778 placet
411 3695 558 3759 omnibus
581 3697 641 3760 tibi
666 3697 821 3781 sanguine
844 3697 1029 3776 coniunctis,
1051 3700 1088 3761 ut
1111 3698 1298 3782 quantocius
1325 3702 1359 3762 tc
1382 3721 1435 3762 ex·

277 3798 413 3882 pedias⁸
438 3821 474 3864 ac
497 3801 633 3882 patriam
657 3803 783 3868 tandem
802 3807 901 3886 petas,
926 3823 996 3868 oum
1020 3801 1192 3867 remedium
1209 3801 1369 3866 efficacius
1385 3823 1434 3866 sa-

278 3904 441 3968 lubriusve
463 3905 586 3969 nullum
609 3929 760 3992 umquam
784 3907 857 3972 novi
883 3913 1031 3972 -teste
1072 3908 1186 3972 nedum
1211 3908 1375 3972 Avicenna
1401 3929 1435 3971 ac

848 4028 866 4068 s

280 4113 391 4170 Conrad
410 4113 519 4176 Schfitz,
541 4114 590 4168 der
608 4113 652 4167 als
676 4113 860 4186 Nuruberger
887 4116 974 4185 jurist
992 4113 1119 4169 bekannt
1136 4114 1191 4178 ist,
1217 4133 1238 4170 s.
1258 4113 1432 4177 Siebenlrees,
1541 4135 1542 4176 l

280 4200 458 4256 Materialien
471 4200 505 4264 ll,
525 4201 605 4263 cora
626 4199 783 4257 Herrmann
802 4205 820 4260 i.
836 4204 861 4259 d.
880 4203 1032 4258 Germania
1045 4198 1156 4265 XXXV,
1175 4201 1248 4258 52ff.
1269 4204 1327 4256 und
1348 4205 1432 4257 unten

281 4307 322 4343 nr.
343 4289 376 4342 84
396 4289 453 4342 und
473 4289 515 4343 97.
552 4289 589 4342 llr
608 4290 688 4343 starb
700 4289 742 4346 13.
757 4291 814 4360 juli
828 4289 895 4346 1479
923 4295 954 4358 [s.
966 4291 1140 4344 Hartmanns
1153 4289 1382 4361 hauskalender].

350 4377 362 4429 l
384 4375 501 4430 Adresse
519 4374 670 4430 wiederum
693 4377 765 4432 nach
787 4377 960 4431 Hartmanns
980 4376 1136 4431 auischrift.
1190 4377 1207 4428 2
1227 4377 1261 4428 Es
1281 4376 1345 4429 sind
1365 4376 1432 4430 zwei

278 4459 389 4526 brbdea
408 4461 462 4516 wie
480 4479 521 4516 nr.
541 4461 574 4517 87
594 4460 677 4531 zeigt.
749 4463 1014 4519 3Durchstricben.
1051 4460 1260 4530 Verbesserung
1280 4479 1326 4516 am
1348 4463 1433 4518 rande

280 4547 366 4603 durch
386 4549 574 4604 absehneiden
595 4549 769 4606 unleserlich.
