3092 5244
812 445 853 508 98

257 628 288 688 et
311 626 512 705 detrimento,
536 632 585 690 set
610 630 640 690 et
660 626 781 690 radices
796 647 868 690 suas
886 626 918 689 in
941 624 1072 711 longum
1093 625 1258 710 latumque
1275 633 1404 710 proten-

256 730 329 795 dere
352 731 467 795 nititur
490 731 524 794 iu
547 730 622 810 dies,
645 737 677 796 et
694 731 817 796 eumad
840 753 896 796 nos
919 732 982 796 iam
1005 731 1152 815 migrare,
1177 733 1276 817 procli
1301 733 1409 798 dolor!

256 835 424 919 conspicio.
496 833 607 900 Plures
640 837 726 901 enim
762 837 847 902 viros
881 837 1046 922 insignes,
1079 835 1300 907 familiaritate
1330 839 1409 904 mihi

255 941 539 1024 coniunctissimos,
563 961 698 1026 quorum
715 942 865 1027 ingenia,
880 963 983 1008 mores
999 942 1241 1027 singularesque
1257 944 1410 1009 modestie

255 1047 402 1130 pluribus
425 1046 631 1131 profuissent,
655 1047 819 1128 disiunxit,
844 1070 984 1113 neceam
1009 1048 1087 1112 aduc
1110 1049 1143 1110 in
1160 1045 1409 1136 Nur[emberga]

254 1152 384 1217 omnino
407 1173 541 1217 cessasse
559 1153 663 1232 audio,
688 1175 785 1239 qnam
808 1175 847 1217 ne
864 1154 965 1233 adeas,
982 1157 1113 1237 propter
1129 1156 1230 1217 adrem
1244 1151 1410 1232 infectum,

254 1257 393 1344 nondum
417 1258 512 1342 plene
535 1257 750 1341 purificatum,
773 1257 903 1321 omnino
926 1258 1065 1322 consulo.
1106 1253 1209 1320 Tener
1233 1277 1283 1335 es,
1316 1256 1411 1320 facilc

254 1363 493 1448 impressionem
517 1362 597 1428 atris
622 1362 697 1426 mali
719 1363 758 1427 ad
781 1363 829 1427 tui
853 1361 1021 1427 interitum
1043 1361 1181 1444 recipere
1212 1361 1342 1444 poteris,
1365 1361 1407 1424 ob

254 1490 350 1552 quam
372 1490 499 1533 causam
514 1468 631 1552 plures,
657 1469 711 1552 qui
735 1473 857 1552 pestem
880 1467 1032 1552 fugerant
1063 1471 1095 1531 et
1117 1466 1301 1552 aliqualiter
1326 1489 1410 1531 nunc

253 1579 395 1639 cessante
423 1573 711 1660 Nur[embergam]
742 1573 956 1650 reintrarunt,
992 1573 1098 1637 subito
1132 1576 1218 1655 peste
1241 1573 1310 1655 ipsa
1333 1591 1409 1636 con-

253 1680 385 1764 sumpti,
409 1680 563 1764 absorpti,
594 1679 711 1743 mortni
734 1685 818 1743 eunt.
866 1678 978 1744 Vitare
1010 1699 1085 1762 ergo
1108 1679 1147 1744 ad
1171 1683 1296 1761 tempus
1318 1677 1410 1755 velis,

255 1785 400 1870 apprime
416 1786 537 1864 hortor,
554 1784 601 1848 uti
619 1783 763 1849 Terencii
779 1786 890 1850 comici
907 1786 993 1850 canit
1008 1783 1186 1850 sentencia:
1206 1780 1409 1846 »Periculum

255 1913 293 1957 ex
317 1889 388 1974 alijs
411 1890 520 1970 facito,
545 1890 605 1954 tibi
630 1891 713 1974 quod
737 1913 774 1956 ex
798 1914 856 1956 osu
878 1893 969 1959 siet«
1025 1971 1027 1978 Ι

340 1993 453 2061 Soneio
468 2001 590 2079 postea,
613 1995 646 2059 in
670 1996 734 2060 tuis
758 1996 841 2061 binis
858 1998 923 2062 iam
937 1997 1067 2080 scriptis
1085 1996 1199 2060 bifaria
1215 2000 1247 2058 te
1270 1994 1318 2057 uti
1335 2014 1409 2083 sen·

254 2101 373 2182 tenuia,
408 2102 441 2166 in
468 2101 538 2166 unis
570 2101 725 2184 poetieam
754 2103 906 2168 extollere
940 2101 1059 2167 videris
1090 2106 1209 2177 artem,
1242 2098 1318 2183 quia
1340 2097 1409 2160 eius

253 2205 450 2270 dulcedinem
487 2206 614 2290 'partim
648 2210 680 2270 te
714 2212 857 2290 gustasse
891 2208 1069 2286 considero,
1104 2206 1137 2272 in
1172 2204 1244 2288 alijs
1277 2224 1409 2288 parum·

253 2332 310 2395 per
342 2312 383 2376 ab
417 2312 525 2375 eadem
558 2316 589 2375 te
621 2311 779 2376 declinare
801 2313 978 2390 sentencia,
1007 2313 1083 2376 dom
1114 2312 1207 2375 rebus
1238 2308 1410 2373 inutilibus

252 2437 378 2481 sensum
415 2417 484 2481 acui
519 2417 566 2482 nil
606 2417 779 2482 conducere
822 2418 943 2482 scribis.
1005 2415 1104 2482 Credo
1143 2414 1306 2498 equidem,
1350 2437 1409 2498 pa·

251 2525 324 2586 true
346 2521 523 2602 carissime,
548 2523 631 2606 quod
655 2544 711 2605 per
734 2523 815 2588 hanc
838 2528 979 2589 nostram
1004 2524 1103 2587 vitam
1136 2522 1175 2585 ad
1199 2542 1243 2598 ea,
1268 2539 1329 2604 que
1352 2539 1406 2582 sa·

253 2623 331 2690 lutis
362 2631 458 2706 eunt,
487 2629 677 2694 ascenditur.
724 2628 836 2694 Virtus
867 2635 973 2695 antem
997 2629 1065 2712 ipsa
1087 2626 1224 2691 multum
1251 2647 1270 2689 a
1294 2625 1409 2707 poetis,

251 2730 390 2796 multum
413 2734 445 2796 et
468 2731 507 2796 ab
532 2732 693 2798 historicis
708 2735 868 2814 laudetur,
892 2757 999 2800 eorum
1016 2734 1118 2818 igitur
1145 2729 1315 2813 sentencijs
1338 2752 1407 2793 ma-

251 2836 335 2902 xime
367 2836 428 2901 tibi
452 2839 491 2908 ed
513 2839 632 2904 alciora
660 2839 780 2905 volenti
804 2839 913 2925 agredi
937 2839 1085 2917 consulo,
1119 2859 1189 2903 cum
1211 2841 1255 2926 et
1285 2836 1323 2898 ad
1348 2834 1408 2899 hec

251 2941 352 3006 eciam
383 2944 573 3008 sanctissimi
606 2944 721 3010 viriet
751 2945 941 3012 auctoritate
964 2943 1167 3008 refertissimi
1197 2963 1255 3006 nos
1285 2939 1408 3006 hortati

251 3042 382 3109 fuerint.

344 3147 461 3229 ¹Audi,
484 3152 623 3230 obsecro,
647 3155 761 3234 patrue
785 3153 979 3233 suavissime,
1003 3153 1086 3217 inter
1109 3151 1173 3216 alia
1197 3153 1236 3216 de
1259 3151 1405 3216 utilitate

198 3327 201 3334 ¹
251 3257 284 3318 et
299 3255 486 3320 necessitate
502 3256 604 3339 poesie
616 3255 770 3321 Basiliam
783 3256 897 3340 ipsum,
914 3264 1038 3341 patrem
1051 3257 1283 3322 sanctissimum
1300 3257 1405 3320 omni-

252 3381 313 3445 que
336 3361 513 3426 rererentia
535 3361 677 3444 dignum,
707 3361 907 3446 loquentem:
948 3361 1063 3427 »Poete
1092 3362 1154 3445 ipsi
1181 3360 1260 3444 varij
1292 3361 1406 3426 multi-

250 3453 431 3551 formesque
445 3470 530 3546 sunt,
554 3488 616 3531 non
633 3467 790 3547 omnibus,
816 3490 877 3552 que
894 3469 933 3532 ab
950 3469 1027 3551 ipsis
1042 3469 1201 3545 dicuntur,
1226 3466 1405 3530 adhibenda

251 3576 298 3635 est
321 3593 420 3652 mene,
444 3578 492 3637 set
515 3594 586 3637 cum
614 3572 839 3639 excellentium
861 3574 1000 3638 virorum
1025 3573 1109 3637 facta
1131 3577 1187 3636 aut
1210 3571 1295 3636 dicta
1317 3592 1404 3635 com-

250 3681 435 3754 memorant,
460 3684 537 3743 tunc
560 3681 628 3742 tota
652 3683 756 3743 mente
779 3678 899 3742 moveri
922 3683 1019 3762 atque
1036 3677 1227 3741 inflammari
1254 3677 1405 3740 debemus

156 3830 160 3835 .
251 3782 449 3868 maximeque
472 3782 590 3860 conari,
614 3787 651 3846 ut
665 3784 744 3846 tales
768 3784 828 3866 ipsi
847 3805 963 3863 sumus,
989 3783 1097 3867 quales
1113 3783 1175 3866 ipsi
1188 3781 1286 3846 fuere.
1323 3779 1403 3845 Cum

248 3887 379 3951 veroin
406 3887 623 3970 improborum
646 3887 811 3952 hominum
838 3889 1032 3955 mencionem
1063 3887 1223 3966 incidunt,
1251 3886 1406 3971 fugienda

250 3999 297 4055 est
321 3991 451 4055 illorum
475 3991 616 4056 imitacic
640 4013 794 4076 auresque
810 3994 993 4070 claudenda,
1017 4015 1081 4057 non
1097 3991 1318 4076 eecne'utique
1342 3991 1403 4074 ipsi

249 4095 357 4161 ferunt
380 4093 508 4161 Ulixem
530 4097 569 4161 ad
585 4093 742 4180 Syrenum
765 4105 876 4163 cantus
910 4099 1066 4163 clausisse.
1113 4095 1213 4161 Prave
1228 4099 1312 4161 eninr
1328 4117 1404 4162 con·

221 4321 225 4326 ,
320 4271 394 4324 llm
414 4269 565 4340 folgenden
583 4269 726 4327 ebschnitt
750 4270 789 4325 ist
814 4213 1042 4341 {cotalongang
1067 4270 1125 4324 und
1156 4269 1328 4338 reihenfclge
1353 4269 1405 4324 der

249 4356 334 4411 nitate
352 4356 402 4410 der
425 4357 489 4412 rede
507 4357 554 4412 des
570 4356 662 4411 Ulrich
680 4356 858 4413 Gessembrot
878 4357 923 4412 bei
944 4357 1048 4428 beginn
1062 4358 1153 4412 aeiner
1167 4356 1315 4424 vorlesung
1334 4355 1407 4411 llber

248 4443 351 4498 'l'erenn
377 4443 445 4498 1458
467 4445 540 4510 (clm.
556 4446 609 4499 424
628 4445 649 4528 f.
667 4447 731 4513 267)
762 4449 956 4512 entncmmen,
983 4444 1053 4500 doch
1072 4462 1117 4510 so,
1143 4444 1208 4498 dass
1235 4443 1287 4498 anf
1303 4443 1348 4497 die
1367 4445 1408 4499 ci*

248 4529 334 4585 tirten
348 4533 464 4586 autoren
477 4532 611 4588 teilweise
622 4531 797 4602 selbstltndig
815 4533 1066 4602 aurirckgegangen
1075 4532 1120 4586 ist.
1147 4529 1211 4601 Vgl.
1224 4530 1295 4586 oben
1305 4549 1334 4601 p.
1344 4531 1408 4586 7⁷⁸.
