3106 5252
813 469 854 533 22

258 648 407 734 quoniam
431 652 561 731 oportet
584 644 759 726 flagitiosos
781 643 958 722 emendare,
982 664 1161 728 numquam
1185 646 1291 705 tamen
1315 640 1409 704 mise·

258 754 395 819 ricordia
417 753 508 818 desit.
565 751 691 828 Quanta
720 749 846 814 demum
877 748 1012 813 comitas
1044 749 1156 812 debeat
1179 767 1245 810 ease
1267 745 1302 809 in
1325 745 1408 810 facie

257 879 463 943 sermoneque
486 855 633 941 pretoria,
656 853 740 933 vide,
763 852 936 917 clarissime
958 850 1170 937 Sigismunde‚
1194 855 1230 915 ut
1253 846 1335 936 ne[c]
1359 871 1408 914 se-

258 963 375 1030 veritas
397 964 439 1028 sit
462 962 599 1046 superba
622 981 679 1026 nec
701 960 817 1024 lenitas
849 963 1042 1042 contempta.
1097 956 1188 1022 Unde
1212 979 1283 1022 cum
1307 957 1409 1040 Cyrus

256 1070 311 1135 ille
334 1068 577 1153 Xenophontem
589 1065 652 1152 (!)¹
682 1071 846 1151 tamquam
877 1065 1017 1150 effigiem
1042 1065 1118 1131 iusti
1141 1063 1266 1149 imperij
1291 1085 1409 1147 propo·

257 1178 357 1253 neret,
380 1173 467 1252 dicit,
490 1193 645 1236 summam
670 1171 699 1235 ei
729 1170 828 1235 fuisse
859 1170 1053 1253 gravitatem
1083 1191 1154 1235 cum
1179 1168 1335 1255 singulari
1357 1190 1410 1234 co-

260 1278 372 1342 mitate
396 1276 607 1345 coniunctam.
654 1278 737 1354 Quos
754 1278 881 1362 quidem
907 1277 973 1342 eius
997 1277 1095 1342 libros
1112 1281 1222 1342 noster
1237 1276 1291 1340 ille
1308 1273 1409 1339 Affri-

258 1403 355 1448 canus
388 1382 427 1446 de
458 1381 604 1447 manibus
627 1401 799 1467 numquam
834 1403 952 1465 ponere
982 1380 1113 1446 solebat.
1160 1379 1287 1446 Sciebat
1314 1379 1410 1458 enim,

258 1487 383 1552 nullum
406 1486 438 1550 in
463 1487 507 1552 eis
529 1488 769 1571 pretermissum
792 1508 858 1552 esse
889 1485 1032 1551 officium
1056 1485 1222 1569 diligentis
1246 1489 1279 1548 et
1302 1485 1409 1549 mode·

261 1591 324 1656 rati
346 1592 483 1676 imperij.
531 1591 631 1669 Quam
654 1594 792 1677 pessima
813 1592 951 1658 confecit
977 1591 1130 1657 severitas
1165 1611 1275 1675 regum
1301 1595 1333 1654 et
1355 1594 1409 1675 ty-

259 1719 443 1776 rannorum,
468 1698 611 1781 exempla
634 1695 822 1785 require[re]
855 1719 918 1762 non
949 1697 1114 1783 pigriteris
1136 1697 1167 1760 in
1192 1695 1306 1778 officijs
1329 1693 1407 1760 Tul·

257 1802 362 1867 lianis.
409 1801 580 1868 Presertim
617 1825 688 1868 cum
721 1824 831 1887 regere
865 1802 1103 1867 multitudinem
1128 1802 1188 1868 hac
1210 1823 1272 1866 non
1296 1801 1410 1886 possis,

261 1906 357 1972 velim
380 1928 505 1973 omnem
528 1909 666 1992 deponas
690 1908 780 1988 iram,
804 1908 922 1993 quein
953 1909 1087 1992 imperio
1117 1907 1302 1993 tyrannides
1325 1928 1410 1972 com·

260 2017 404 2096 putatur.
451 2011 543 2077 Levis
567 2014 651 2077 enim
674 2013 772 2078 animi
799 2013 925 2079 videtur
949 2017 981 2078 et
1004 2013 1121 2077 infirmi
1146 2012 1205 2077 hoc
1226 2012 1355 2092 vicium,
1378 2016 1411 2076 et

259 2118 342 2184 nibil
364 2123 430 2184 tam
453 2118 593 2184 deforme
617 2124 673 2199 ost,
701 2119 855 2203 quemad
880 2141 1036 2182 summum
1061 2118 1231 2202 imperium
1254 2117 1410 2182 acerbita-

262 2230 327 2290 tem
360 2230 473 2290 nature
496 2225 678 2309 adiungere.
734 2223 848 2309 Neque
884 2223 1038 2289 contendo
1070 2228 1107 2288 ut
1144 2223 1226 2287 hano
1263 2228 1409 2288 naturam

260 2333 373 2410 mutes,
397 2331 501 2415 siquid
525 2329 617 2396 faciei
640 2336 695 2396 tue
718 2330 897 2395 severitatis
920 2331 1019 2409 insit,
1045 2334 1082 2393 ut
1105 2327 1245 2411 asperior
1270 2325 1305 2414 [f.
1330 2326 1406 2414 298]

260 2457 474 2520 nonumquam
498 2434 606 2500 vultus
629 2437 786 2516 ostendit,
813 2458 882 2500 cum
907 2435 1032 2501 animus
1055 2436 1097 2499 sit
1120 2435 1159 2498 ab
1183 2433 1347 2498 iracundia
1369 2432 1409 2496 li-

260 2540 423 2607 berrimus.
471 2538 520 2604 Ne
543 2541 638 2624 plane
661 2541 786 2626 insigne
810 2541 870 2606 tibi
892 2541 1009 2605 vicium
1033 2539 1119 2617 insit,
1144 2560 1222 2622 rogo
1245 2538 1408 2602 moderare

259 2645 384 2710 vultum
415 2645 730 2731 placidissimumque
762 2647 895 2730 pauperi
918 2646 1069 2722 ostende,
1102 2667 1142 2710 ne
1165 2644 1225 2708 tibi
1249 2664 1312 2708 non
1335 2664 1410 2708 suas

259 2751 385 2836 ausit(!)
410 2752 566 2835 deponere
590 2752 802 2816 infirmitates.
849 2751 883 2817 Si
900 2753 1025 2835 quando
1048 2756 1153 2816 autem
1179 2773 1227 2814 res
1249 2750 1408 2834 postulata

260 2861 296 2921 ut
318 2856 352 2920 in
375 2858 445 2921 iure
468 2856 620 2936 diceudo,
643 2878 771 2941 gravem
804 2857 909 2940 recipe
931 2857 1150 2935 severitatem,
1174 2855 1280 2920 animo
1303 2860 1409 2919 tumen

259 2982 383 3044 semper
405 2962 511 3028 suavis
534 2966 601 3027 esto
613 3010 835 3028 ...........

347 3063 518 3148 Complura
541 3066 643 3131 adhuc
666 3086 784 3150 genera
807 3067 964 3131 virtutum
989 3067 1094 3130 minus
1117 3066 1210 3130 docto
1233 3070 1336 3130 essent
1360 3086 1409 3128 ex-

261 3171 417 3253 ponenda,
440 3192 501 3254 que
525 3171 558 3234 iu
581 3174 614 3234 te
636 3173 710 3234 sunt
732 3193 848 3255 magno
864 3191 997 3235 numero
1013 3169 1184 3248 cumulata,
1208 3169 1411 3234 meritissime

262 3278 381 3358 pretor.
429 3272 568 3339 Tantum
602 3296 679 3361 age,
712 3279 749 3339 ut
773 3298 881 3340 omnes
911 3276 1085 3360 equitatem
1108 3279 1206 3354 tuam,
1230 3279 1410 3358 temperan-

260 3379 362 3458 cinm,
392 3380 611 3463 integritatem
634 3381 772 3447 laudent.
830 3380 904 3446 Toti
929 3381 1064 3464 denique
1087 3381 1129 3444 sit
1151 3380 1313 3464 provincie
1336 3401 1409 3464 cog·

261 3485 375 3564 nitum,
398 3485 560 3564 omnium,
594 3486 709 3571 quibus
732 3488 843 3571 precis,
866 3486 1022 3566 salutem,
1045 3486 1173 3565 liberos,
1197 3486 1324 3564 famam,
1347 3484 1411 3549 for·

260 3585 379 3654 tuuas²
404 3609 470 3652 esse
492 3589 676 3656 carissimas.
725 3589 807 3655 Nam
832 3592 880 3654 tui
895 3591 1090 3656 contribules
1114 3595 1284 3675 extereqne
1306 3591 1409 3674 regio·

262 3716 317 3758 nes
339 3695 384 3759 sic
406 3700 438 3759 te
461 3694 507 3759 ita
530 3695 688 3760 viventem
712 3696 931 3775 intuebuntur,
953 3700 991 3760 ut
1015 3695 1170 3780 quendam
1194 3718 1232 3760 ex
1247 3696 1410 3760 annalium

261 3799 414 3864 memoria
437 3805 491 3864 aut
515 3800 614 3865 eciam
644 3799 681 3864 de
703 3800 769 3865 celo
799 3800 941 3865 divinum
973 3801 1132 3865 hominem
1157 3822 1239 3866 essse
1273 3801 1306 3865 iu
1331 3801 1411 3866 hanc

260 3927 327 3970 rem
344 3904 503 3988 publicam
520 3903 683 3988 delapsum
704 3907 828 3988 putent.
867 3902 1029 3969 Sacrificia
1052 3905 1160 3971 reddet
1183 3911 1260 3971 tuuc
1284 3907 1411 3971 domino

259 4031 338 4096 gens
361 4009 556 4074 mercurialis
579 4007 762 4099 Sacrorum.

348 4113 403 4180 set
430 4115 535 4180 nescio
567 4136 630 4198 quo
662 4118 756 4197 pacto
789 4114 826 4178 ad
857 4115 1052 4197 precipiendi
1081 4117 1238 4180 racionem
1270 4117 1412 4181 derivata

260 4225 308 4286 est
331 4220 437 4285 oracio
459 4240 546 4298 mea,
578 4239 649 4283 cum
680 4219 712 4283 id
736 4219 833 4284 michi
865 4219 959 4302 (mihi
983 4221 1056 4306 hoc)
1089 4221 1289 4304 propositum
1315 4221 1411 4286 inicio

334 4377 344 4426 l
366 4374 440 4427 Musa
459 4373 601 4429 nstiirlicb
620 4373 748 4428 heissen:
767 4324 871 4443 Gyrifm
888 4376 970 4429 illum
986 4374 1147 4444 Xenophon.
1184 4374 1235 4429 Dio
1254 4373 1410 4445 Cyropddie

261 4479 319 4514 war
339 4462 405 4514 1447
426 4477 481 4515 von
494 4459 600 4529 Poggio
619 4460 759 4515 dbersetct
777 4462 898 4518 worden.
934 4461 1000 4529 Vgl.
1018 4461 1072 4515 den
1092 4462 1165 4517 brief
1186 4462 1355 4516 Blomenaus
1374 4480 1411 4516 an

262 4545 377 4604 Sobcdel
397 4547 441 4603 bei
455 4547 644 4603 Wattenbech
664 4548 681 4601 i.
701 4549 727 4604 d.
746 4549 941 4621 Forsohungen
958 4548 1006 4614 Xl,
1025 4550 1085 4606 355.
1162 4551 1279 4607 araon
1299 4551 1359 4611 tibi.
