3092 5244
671 459 730 524 139

130 633 381 718 Mitteilung
417 649 503 700 vom
543 634 643 700 tede
681 632 874 699 Gessclr.
936 633 1269 701 Gldclrwunsch

129 760 194 802 nur
223 738 506 825 verm'alhlung
538 739 603 806 des
626 739 783 804 sobnas
814 738 1054 824 Sigismund
1089 740 1270 806 Gosssm·

311 845 418 910 brot.
464 844 671 910 Bittcum
694 845 1096 910 sinehandschrilt.

209 981 279 1046 Nisi
308 988 365 1048 tua
393 983 490 1050 michi
518 985 551 1049 in
581 985 730 1050 omnibus
765 985 858 1050 rebus
874 986 975 1050 virtus
1001 985 1173 1070 singularis
1197 1006 1270 1068 per·

23 1139 24 1144 ,
127 1085 260 1168 specta¹
295 1093 393 1168 esset,
420 1089 470 1153 vir
492 1088 744 1175 prestantissima
775 1095 1005 1176 preceptorque
1040 1089 1270 1167 colendissimo,

23 1205 24 1212 ¹
127 1191 237 1255 maiore
261 1193 403 1277 prolecto
431 1194 600 1260 verborum
634 1195 728 1278 copia
760 1195 910 1260 adversus
933 1201 965 1260 te
988 1216 1114 1280 agerem
1140 1197 1271 1277 propter

128 1299 208 1360 tuam
231 1299 446 1365 omnimodam
471 1301 504 1364 in
529 1301 696 1365 scribendo
712 1300 964 1366 taciturnitatem
981 1304 1013 1364 et
1029 1298 1269 1383 negligentiam,

23 1458 26 1473 ‚
127 1401 321 1482 potissimum
345 1426 415 1469 cum
441 1427 477 1470 eo
503 1409 665 1490 tempore,
695 1427 758 1490 quo
788 1427 898 1471 coram
921 1405 1008 1489 loqui
1035 1427 1071 1469 ac
1094 1405 1181 1468 rivos
1204 1424 1270 1466 ser·

127 1527 226 1570 mones
249 1507 367 1573 habere
389 1509 536 1589 dabatur,
562 1533 612 1574 me
635 1510 741 1594 sepius
772 1510 917 1594 epistolis
948 1511 1012 1574 tuis
1034 1510 1165 1574 visitare
1188 1508 1270 1592 poli·

127 1611 261 1693 echaris,
285 1618 335 1678 set
364 1635 419 1678 our
443 1615 661 1678 intermissum
691 1619 748 1679 aut
775 1615 891 1699 quibus
912 1613 1074 1678 demeritis
1097 1613 1128 1678 id
1151 1613 1272 1677 factum

22 1725 23 1781 ἒ
127 1714 228 1795 fucrit,
251 1719 352 1783 miror
376 1719 658 1804 quamplurimum.
705 1717 827 1784 Tantus
861 1719 943 1784 enim
974 1741 1050 1804 erga
1077 1723 1109 1783 te
1141 1717 1271 1783 affectus

126 1820 293 1904 singularis
311 1825 429 1903 existit,
456 1830 490 1889 ut
506 1825 550 1888 nil
566 1846 715 1909 cuperem
727 1846 832 1908 agere,
848 1825 932 1910 quod
949 1823 1107 1889 voluntati
1139 1845 1178 1887 uc
1195 1844 1269 1888 con-

21 1925 22 1928 ’
126 1927 252 1992 trarium
273 1934 364 2009 esest,
380 1951 437 1994 nec
453 1931 586 1994 eundem
602 1930 805 1995 immutatum
823 1952 890 1994 esse
907 1930 1066 2009 affectum,
1079 1947 1171 2013 quem
1188 1949 1269 1992 sam-

19 2015 21 2086 l
126 2051 178 2110 per
199 2032 236 2095 ad
261 2038 294 2098 te
314 2035 396 2117 gessi
423 2041 454 2099 et
482 2056 601 2120 geram,
626 2037 728 2120 quoad
752 2035 865 2100 vivam.
913 2034 1064 2119 Optarem
1089 2033 1271 2117 intelligere

19 2214 20 2223 ἵ
125 2155 233 2215 posses,
258 2158 355 2221 quam
378 2159 451 2222 sepe
474 2141 506 2204 in
523 2145 629 2204 mente
652 2139 813 2205 revolvere
837 2140 955 2206 soleam
980 2145 1065 2205 tuam
1093 2160 1271 2224 personam,

18 2323 19 2336 χ
124 2241 230 2320 procul
253 2243 350 2307 dubio
374 2243 503 2309 silentia
528 2266 690 2328 rumperes
714 2248 746 2308 et
769 2266 1011 2330 nonnumquam
1033 2245 1143 2309 literas
1166 2243 1272 2307 adme

18 2355 19 2413 3
126 2342 218 2422 dares,
243 2368 305 2430 que
329 2370 391 2413 non
414 2371 550 2432 parvum
580 2347 660 2412 milri
684 2347 843 2428 solamen,
876 2370 939 2413 non
971 2371 1102 2433 parvam
1134 2349 1271 2431 denique

125 2449 316 2534 voluptatem
346 2453 509 2519 afferrent.
564 2452 767 2524 Percrebuit,
799 2455 1015 2518 amantissime
1051 2455 1175 2531 fautor,
1208 2451 1271 2534 hijs

16 2593 17 2604 ,
125 2551 227 2618 dicbus
244 2555 307 2635 hic,
324 2558 526 2642 prochdolor,
542 2558 758 2623 lamentabilis
774 2580 858 2622 mors
874 2559 1023 2643 omnique
1039 2579 1161 2622 merore
1176 2557 1272 2642 plena

123 2661 208 2740 gnati
241 2663 290 2726 tui
325 2663 523 2728 dilectissimi
553 2662 653 2728 Ulrici
681 2663 780 2727 Rome
808 2663 893 2727 lacta
922 2664 992 2746 ipso
1023 2664 1073 2727 die
1105 2664 1169 2727 divi
1198 2661 1268 2726 Viti

15 2849 16 2852 Ἴ
127 2761 203 2848 [juni
221 2766 292 2854 15],
308 2772 345 2832 nt
359 2768 463 2833 fertur
479 2767 501 2848 ⁸,
526 2770 615 2834 cuius
630 2789 714 2832 mors
731 2773 822 2834 tanto
844 2768 971 2853 gravior
986 2773 1082 2852 atque
1098 2767 1271 2832 luctuosior

15 2857 16 2870 ¹
123 2871 273 2953 magistro
290 2871 463 2938 Valentino
477 2873 499 2953 ³,
523 2873 621 2938 michi
644 2874 821 2958 ceterisque
845 2873 1023 2938 fautoribus
1046 2873 1126 2952 fuit,
1151 2877 1270 2956 quanto

14 2977 15 3000 ³
123 2975 297 3042 uberiorem
330 3001 417 3063 spem
453 3003 491 3044 ex
529 2980 675 3044 maximis
709 2979 775 3043 eius
810 2979 984 3043 virtutibus
1018 2999 1269 3060 conceperamus.

124 3078 262 3147 l'ucrunt
295 3083 439 3168 profecto
473 3086 505 3149 in
541 3087 611 3170 ipso
651 3085 764 3149 eximie
798 3086 895 3149 animi
928 3085 1134 3169 corporisque
1170 3084 1269 3162 dotes,

123 3207 241 3252 summa
273 3189 421 3255 videlicet
443 3191 638 3270 constantia,
661 3190 834 3275 singularis
857 3191 1020 3269 modestia,
1044 3211 1160 3276 magna
1183 3190 1269 3254 inte·

13 3351 15 3380 ‚
125 3291 222 3374 gritas
249 3297 291 3372 ct,
316 3295 400 3379 quod
416 3296 613 3360 rarissimum
630 3300 677 3360 est
691 3297 725 3360 in
742 3297 864 3374 iuvene,
881 3296 988 3360 senilis
1004 3296 1183 3380 prudentia,
1208 3318 1270 3380 que

124 3417 267 3481 magnam
297 3400 330 3462 in
364 3421 451 3484 spem
486 3407 615 3466 cunctos
638 3401 835 3466 adduxerant
859 3401 966 3465 future
990 3401 1211 3484 amplitudinis
1235 3421 1271 3464 ac

123 3500 288 3586 dignitatis
311 3525 375 3567 sue.
423 3505 464 3569 Et
487 3527 558 3570 cum
581 3505 619 3569 ad
641 3505 808 3569 caritatem
825 3510 992 3588 paternam
1010 3505 1149 3570 animum
1167 3504 1270 3582 flecto,

122 3605 202 3671 hand
233 3608 366 3689 dubito,
397 3610 543 3674 lacrimas
568 3610 677 3694 plenas
709 3608 840 3672 meroris
872 3613 904 3672 et
927 3609 1097 3692 angustie,
1129 3607 1270 3671 dolorem

122 3713 344 3794 gravissimum
378 3715 644 3798 lamentabileque
667 3714 838 3798 suspirium
869 3735 907 3777 ex
935 3713 1072 3777 eiusdem
1105 3711 1196 3796 gnati
1221 3712 1269 3775 tui

124 3815 236 3899 [morte
252 3817 297 3906 te]
313 3817 327 3856 ⁴
349 3821 522 3904 suscepisse
540 3841 575 3884 ao
591 3839 797 3903 sepenumero
813 3839 876 3883 non
900 3840 998 3901 parva
1020 3816 1106 3882 affici
1129 3817 1270 3881 incomo-

124 3922 232 4001 ditate,
257 3930 289 3988 et
312 3946 376 3989 non
400 3927 441 3989 ab
465 3947 507 3989 re.
561 3924 721 3999 Arbitror,
746 3924 779 3986 in
808 3921 867 3987 hoo
896 3926 1043 3987 naturam
1067 3922 1167 4006 ipsam
1191 3943 1269 3984 non-

122 4048 292 4113 numquam
319 4030 382 4094 vim
414 4052 502 4094 suam
526 4050 685 4108 exercere,
718 4050 790 4092 cum
814 4034 846 4092 et
869 4028 926 4112 bij,
952 4029 1006 4112 qui
1031 4029 1139 4112 aliquo
1162 4025 1271 4091 dolore

122 4133 327 4214 premuntur,
361 4135 419 4198 etsi
443 4134 671 4219 sapientissimi
695 4141 790 4213 sunt,
823 4136 983 4218 ingentem
1009 4140 1115 4199 tamen
1139 4138 1271 4218 propter

122 4237 262 4304 dolorem
292 4262 355 4304 non
385 4239 605 4317 recordantur,
643 4262 740 4324 quos,
773 4240 799 4303 si
835 4241 991 4324 quispiam
1022 4240 1072 4305 rel
1096 4240 1192 4304 verbo
1215 4244 1272 4303 aut
1366 4253 1369 4258 '

687 4372 706 4408 sl

191 4451 203 4502 l
223 4447 282 4504 cod.
302 4452 460 4519 prospecta.
530 4449 547 4502 2
566 4447 663 4503 Damit
680 4449 791 4503 stimmt
810 4449 860 4503 der
878 4448 993 4514 eintrag
1011 4448 1041 4500 in
1060 4464 1131 4516 cgm.
1142 4448 1176 4504 98
1194 4448 1213 4501 l.
1227 4449 1271 4506 30.

121 4533 136 4585 3
156 4535 234 4590 llber.
306 4538 322 4590 4
341 4538 398 4590 Aua
416 4536 480 4592 dem
499 4540 592 4592 ersten
612 4540 728 4608 concept
746 4539 873 4607 ergtnzt.

1501 4367 1526 4540 1l
