3106 5246
688 443 750 510 173

135 618 233 684 eciam
258 618 415 703 primores
437 618 487 683 die
512 623 672 706 noctuque
695 620 878 685 insudantes
893 620 1019 706 aliaque
1043 622 1154 706 turpia
1176 622 1279 688 horri-

134 722 213 788 bilia
224 723 347 802 auditu,
369 726 407 787 ut
421 723 550 806 dicitur,
567 725 620 791 hic
635 729 856 810 prepararent,
880 730 912 790 et
932 725 1013 790 nihil
1031 747 1090 810 pro
1105 727 1282 792 infidelium

134 829 297 914 utrimque
330 829 546 913 extirpacione
577 831 733 915 egissent,
763 829 841 914 ipsis
869 830 1090 895 recedentibus
1120 832 1189 896 sine
1211 833 1285 909 fine,

134 933 254 999 relictis
275 933 328 999 hic
344 936 493 1018 episcopo
509 934 687 1000 Pataviensi
711 934 821 1020 legato
836 934 1087 1020 consiliariisque
1102 936 1284 1018 principum

133 1036 345 1121 plurimorum
361 1059 409 1118 aa,
425 1060 487 1124 qne
512 1040 636 1119 videtis,
660 1062 719 1124 pro
742 1041 854 1121 forma,
878 1045 915 1106 ut
936 1040 1047 1126 aliqua
1071 1041 1175 1106 facere
1197 1042 1284 1106 vida-

133 1148 255 1222 rentur,
273 1152 418 1230 egmnnt,
436 1147 605 1213 ridiculum
621 1147 777 1231 pluribus.
824 1144 1022 1222 Qnohorsum
1032 1147 1068 1230 (1)
1082 1146 1140 1210 hec
1155 1145 1283 1210 tandem

132 1249 285 1328 tendant,
318 1251 409 1314 novit
435 1252 472 1332 is,
497 1252 555 1337 qui
582 1256 742 1317 scrutator
764 1255 812 1316 cst
834 1251 987 1318 cordium.
1036 1249 1177 1316 Peccatis
1199 1251 1283 1314 enim

133 1355 251 1420 nostris
276 1356 479 1442 exigentibus
502 1358 612 1423 divina
633 1356 702 1437 hac,
726 1361 762 1422 ut
784 1357 894 1435 timeo,
924 1357 1048 1441 paravit
1071 1355 1282 1440 providencia.

135 1456 232 1524 Fama
255 1459 309 1526 hic
332 1468 389 1541 est,
414 1463 524 1529 ducem
543 1462 715 1529 Arnestum
734 1463 744 1500 ¹
768 1462 902 1528 intrasse
919 1461 1056 1546 Pragam
1072 1461 1105 1525 in
1128 1461 1235 1542 finem,
1258 1462 1285 1525 si

135 1565 210 1648 quid
233 1567 399 1633 concordie
430 1570 613 1654 peripsum
644 1569 713 1634 fieri
743 1569 851 1653 possit.
899 1569 1063 1633 Adventus
1093 1568 1286 1632 marchionis

133 1667 311 1736 Friderici²
344 1673 382 1737 de
419 1674 529 1739 termis
559 1674 592 1738 in
617 1673 684 1740 dies
707 1674 759 1740 hic
781 1677 988 1759 expectatur,
1019 1678 1099 1757 aput
1121 1695 1225 1759 quem,
1251 1681 1285 1739 ut

132 1777 217 1840 fama
243 1776 341 1856 rolat,
366 1777 502 1843 Boemus
524 1780 730 1844 ambasiatam
749 1779 881 1845 habebit
896 1802 955 1864 pro
979 1780 1061 1845 bona
1084 1781 1190 1844 forsan
1209 1802 1285 1864 pace

132 1881 288 1963 iacienda,
311 1883 398 1968 quod
422 1891 458 1948 ut
483 1884 584 1964 fieret,
607 1906 715 1950 omnes
738 1889 863 1969 optant.
898 1884 993 1950 Multi
1018 1885 1140 1950 nobiles
1163 1886 1200 1950 de
1223 1886 1285 1968 hijs

132 1987 280 2071 partibus
304 1989 337 2051 in
362 1988 428 2054 dies
454 1989 485 2052 in
502 1989 657 2054 auxilium
674 1989 865 2054 christicolis
881 1990 1010 2069 vadunt,
1034 2011 1112 2074 quos
1128 1988 1285 2055 Pilrenses

131 2092 287 2158 salariant
302 2090 324 2156 ⁸.
377 2091 512 2158 Noviter
545 2095 722 2178 sexingenti
746 2096 977 2181 crucesignati
1000 2095 1141 2161 volentes
1168 2094 1286 2180 Lipczk

131 2197 329 2281 pertransire
353 2198 385 2262 in
409 2199 584 2264 subsidium
608 2200 801 2276 christianis,
834 2202 896 2266 dux
920 2201 1077 2266 Arnestus
1099 2223 1151 2266 eos
1173 2200 1284 2286 prohi-

131 2303 203 2373 buit
229 2302 396 2368 recludens
421 2304 593 2384 civitatem,
618 2305 730 2371 nolens
752 2327 805 2370 eoa
828 2311 938 2372 contra
958 2305 1088 2372 Boemos
1110 2307 1166 2371 ire.
1203 2306 1285 2390 Ipsis

133 2431 217 2490 vero,
243 2410 402 2475 sonorosis
426 2410 645 2477 exultantibus
667 2413 806 2492 vocibus,
830 2412 1032 2496 cupientibus
1057 2432 1116 2496 pro
1138 2412 1200 2475 fide
1221 2412 1282 2476 ibi·

14 2539 15 2542 *
131 2516 203 2582 dem
225 2517 319 2595 mori,
342 2517 471 2582 tandem
491 2517 601 2582 videns
616 2517 680 2582 dux
703 2517 750 2582 nil
773 2538 863 2600 posse
878 2516 1031 2600 proficere
1054 2537 1107 2580 eos
1129 2513 1283 2582 dimisit⁴.

220 2621 333 2688 Scribo
356 2623 483 2688 domino
499 2621 637 2706 plebano
651 2623 703 2689 sti.
722 2620 822 2688 Ulrici
835 2621 857 2701 ⁶,
882 2627 918 2687 ut
934 2625 1086 2704 quattuor
1108 2641 1220 2685 aureos
1243 2621 1283 2686 ab

131 2727 303 2793 heredibus
321 2726 505 2812 Lauginger
528 2726 590 2790 mei
621 2748 659 2789 ex
681 2731 774 2810 parta
796 2731 914 2810 procat.
938 2746 1017 2809 quos
1039 2725 1129 2790 robis
1152 2747 1281 2809 prasen-

129 2837 198 2898 tare
224 2833 311 2898 velit.
356 2831 512 2916 Quicquid
536 2853 641 2896 secum
664 2831 789 2915 agetis,
816 2835 984 2896 contentus
1013 2829 1100 2897 er0⁶.
1148 2829 1284 2896 Domum

130 2959 221 3024 rogo,
245 2944 281 3003 ut
304 2961 399 3023 quam
415 2939 479 3003 cito
494 2935 566 3020 pira
588 2935 750 3019 virginum
773 2939 994 3014 maturescent
1011 2935 1091 3000 mibi
1108 2935 1235 3000 mittere
1251 2937 1283 3000 in

129 3065 203 3110 vase
230 3043 338 3129 aliquo
364 3043 481 3123 velitis,
505 3063 566 3128 qne
588 3063 659 3107 cum
682 3040 734 3106 hic
757 3062 821 3104 non
837 3040 1027 3119 habeantur,
1051 3044 1088 3106 ut
1103 3041 1284 3107 fautoribus

16 3139 18 3178 ³
132 3149 245 3215 amicis
272 3149 449 3234 caterisque
472 3145 712 3231 voluptatibusi
738 3147 945 3230 multipharie
973 3147 1068 3226 dedit,
1091 3146 1286 3230 complacere.

132 3254 266 3318 valeam.
305 3252 436 3319 Mittere
459 3253 612 3319 curabitis
621 3251 656 3338 (Ξ)
687 3255 803 3318 obnixe
832 3254 948 3318 iterum
971 3259 1067 3338 atque
1090 3255 1203 3318 iterum
1227 3254 1283 3318 oh-

130 3360 204 3425 nixe
230 3380 319 3442 rogo.

700 3482 716 3518 *

202 3570 215 3622 l
238 3568 321 3622 Ernst
340 3586 365 3621 v.
386 3567 514 3624 Sachsen.
552 3568 589 3622 Er
616 3567 697 3622 hetta
723 3568 775 3624 auf
799 3568 861 3622 dem
886 3567 1044 3635 reicbstage
1062 3566 1107 3619 fur
1124 3563 1282 3622 Podiabrad

129 3655 225 3725 partei
243 3671 417 3724 genommen
431 3655 501 3712 doch
516 3655 622 3726 gingen
635 3673 687 3709 nur
700 3655 856 3710 sbohsische
869 3657 931 3710 rbte
944 3655 1014 3710 noch
1029 3654 1104 3722 Prag
1119 3655 1163 3709 ab.
1221 3655 1238 3706 2
1258 3671 1282 3707 v.

129 3742 345 3812 Brandenbnrg.
399 3745 415 3799 3
428 3742 520 3798 Pilren
533 3745 617 3798 stand
627 3743 680 3798 seit
695 3744 761 3800 1466
774 3743 827 3797 mit
839 3743 903 3798 dam
915 3742 1114 3798 herrenbunds
1128 3758 1218 3811 gagen
1232 3741 1283 3796 Po-

128 3831 257 3887 diebrad.
304 3835 322 3886 4
334 3830 449 3886 Scheint
463 3831 554 3886 bisher
563 3832 736 3887 unbekannt.
758 3831 821 3900 vgl.
836 3831 903 3885 abar
911 3829 1036 3898 Palacky
1046 3829 1065 3882 l.
1075 3845 1096 3884 c.
1107 3829 1160 3883 4⁷4
1169 3828 1227 3882 und
1237 3827 1283 3882 SS.

133 3918 387 3983 rer.Si1esiac.lX,
406 3919 466 3974 260.
552 3917 612 3972 58.
631 3936 656 3974 ο.
675 3935 717 3972 nr.
735 3919 777 3972 57.
849 3917 916 3972 6111
935 3918 1024 3972 sineru
1043 3919 1120 3972 sonet
1137 3915 1284 3971 warttosen

129 4006 220 4063 bricia
239 4007 303 4062 clm.
322 4008 371 4062 441
392 4006 411 4060 f.
430 4007 495 4064 2171ι
514 4005 598 4077 [nach
617 4006 667 4062 der
686 4006 812 4076 stallnng
829 4006 869 4060 im
888 4004 973 4061 codex
992 4003 1063 4060 nocb
1083 4022 1116 4057 an
1136 4004 1203 4058 1467
1224 4003 1282 4056 und

130 4112 168 4150 an
186 4094 271 4164 hiber]
285 4094 372 4151 hcisst
385 4112 413 4150 es
427 4113 433 4148 :
453 4094 554 4150 »Aurei
566 4095 700 4164 quattuor
716 4093 752 4147 ab
765 4093 912 4149 heredibus
926 4094 937 4163 (
939 4131 1068 4147 .......
1080 4091 1105 4161 t)
1122 4089 1284 4161 Langinger

130 4181 236 4240 extorti
254 4184 349 4253 pocius
366 4201 451 4254 qnam
471 4186 570 4253 sponte
588 4182 674 4239 soluti
691 4199 741 4252 per
760 4182 921 4252 J0[annem]
940 4180 1078 4251 presentis
1098 4178 1282 4234 exhibitorem

132 4269 201 4325 mihi
221 4271 378 4340 presentati
392 4271 476 4336 fuere,
496 4272 530 4326 da
543 4270 643 4340 quibus
655 4271 786 4341 ingentes
799 4270 876 4327 vobis
895 4270 985 4325 refero
1005 4269 1143 4337 gracias«.
1198 4269 1211 4319 7
1233 4267 1283 4320 Zu-

130 4360 188 4412 erst
209 4358 327 4427 »quibus
348 4359 549 4429 voluptatem«,
569 4359 648 4414 dsnn
665 4359 886 4414 durchstriohen.
