3092 5244
784 375 847 445 120

235 553 394 621 Rechaele
415 553 570 637 optimam
594 555 720 636 partem
744 549 841 636 elegit
865 551 949 634 apud
965 551 1059 635 pedes
1076 548 1197 614 domini
1217 548 1253 610 iu
1282 546 1389 630 requie

236 657 393 726 dominice
423 657 677 741 contemplando.
725 653 845 721 Anima
876 657 960 720 enim
984 655 1119 720 sedendo
1144 657 1176 718 et
1201 652 1389 738 quiescendo

236 765 277 829 eb
299 761 553 828 inordinatarum
572 761 754 846 passionum
776 761 950 845 impetibus
967 762 1003 826 fit
1020 761 1156 844 sapiens,
1184 758 1333 842 prudeus,
1355 760 1392 822 ut

236 869 343 955 inquit
365 869 421 934 ille
443 867 574 953 gentilis
589 867 789 947 Aristoteles,
814 866 1078 952 philosophorum
1106 865 1265 949 princeps,
1289 862 1390 947 phisi-

235 995 345 1040 corum
368 973 404 1038 7ο
416 1023 525 1040 ......

325 1078 357 1161 [f.
382 1079 473 1164 250³]
497 1077 524 1144 Ο
545 1078 645 1143 freter
677 1078 867 1161 predilecte‚
902 1099 974 1144 cero
1008 1099 1080 1142 mea
1112 1076 1241 1142 rebellis
1285 1078 1333 1138 est
1360 1079 1393 1138 et

237 1187 364 1253 dissona
379 1184 508 1269 spiritui
530 1205 609 1264 meo,
633 1183 669 1248 de
694 1205 757 1268 quo
781 1187 924 1248 ventrem
941 1204 1045 1247 meum
1070 1181 1180 1257 doleo.
1194 1185 1230 1246 ut
1253 1178 1392 1265 prophe·

238 1291 303 1356 tioo
332 1293 406 1355 uter
435 1289 570 1374 eloquio.
623 1285 735 1370 Sepias
770 1286 853 1372 legi,
891 1287 974 1353 volvi
997 1291 1029 1352 et
1053 1287 1172 1352 revolvi
1195 1286 1284 1366 illud,
1309 1284 1393 1369 quod

238 1395 349 1462 scribit
372 1394 509 1478 Prosper
539 1395 572 1458 in
601 1392 684 1458 libro
709 1394 747 1457 de
770 1393 836 1458 vite
862 1393 1110 1477 contemplative
1134 1397 1166 1456 et
1196 1392 1332 1456 hebetur
1355 1390 1392 1453 de

238 1499 425 1585 penitentia,
454 1498 616 1564 distinctio
630 1498 671 1582 (t)
697 1499 824 1581 prime,
858 1496 1002 1582 capitulo
1015 1498 1045 1562 ¹:
1084 1497 1223 1580 »Corpus
1247 1500 1392 1562 nostrum

239 1606 420 1672 dominetur
442 1606 534 1669 utens
557 1603 653 1683 racio,
678 1603 853 1669 subiciatur
875 1625 988 1688 eorpus
1011 1604 1115 1668 enimc
1139 1607 1171 1666 et
1196 1601 1392 1679 enimdeo,

239 1715 271 1776 et
294 1707 453 1793 complete
476 1711 523 1772 eet
545 1707 684 1773 hominis
702 1707 886 1792 perfectio«
935 1708 1026 1774 Licet
1042 1707 1168 1773 vetulus
1187 1707 1246 1770 sim
1271 1711 1304 1770 et
1327 1708 1391 1769 ste-

240 1815 298 1880 tim
321 1813 423 1879 dicam
446 1813 661 1893 seculorem,
689 1814 769 1878 vivit
807 1817 913 1878 temen
947 1813 1050 1878 adhuc
1080 1814 1114 1876 in
1136 1834 1188 1876 me
1213 1812 1393 1876 vinolentus

240 1925 273 1986 et
288 1919 475 1984 libidinosus
491 1917 669 1998 Oloferues‚
694 1941 791 2006 quem
808 1921 926 1985 sorcius
942 1921 1033 1985 vinco
1057 1919 1145 2003 fuge,
1173 1940 1268 2003 quem
1284 1937 1394 2002 pugna

241 2130 363 2213 fugem,
386 2128 413 2193 si
436 2128 483 2191 vis
506 2128 623 2195 habere
645 2130 845 2196 victoriam«.
882 2129 968 2197 Nam
993 2132 1104 2196 beatus
1120 2127 1249 2212 loseph,
1273 2131 1311 2193 ut
1334 2127 1392 2192 im·

242 2233 388 2318 pudieam
412 2233 571 2298 dominam
594 2239 701 2318 posset
728 2235 880 2315 evadere,
905 2236 1058 2320 pellium,
1091 2256 1154 2320 quc
1177 2232 1395 2317 apprehensus

242 2342 320 2418 eret,
343 2337 475 2422 reliquit
498 2343 531 2404 et
553 2339 648 2424 fugit.
694 2339 783 2416 Quod
807 2363 863 2406 uos
879 2343 960 2407 bene
981 2342 1089 2408 docuit
1111 2338 1393 2420 demergendum,

241 2446 364 2510 dicens:
397 2441 531 2528 »Fugite
553 2443 820 2511 fornicacionem«
836 2447 860 2527 ⁸,
883 2467 919 2512 ac
941 2447 968 2511 si
991 2447 1127 2511 diceret:
1156 2443 1322 2529 »Reliquis
1344 2444 1390 2509 vi·

243 2551 299 2616 ciis
331 2548 388 2614 deo
419 2548 593 2614 auxiliante
625 2549 775 2615 debemus
798 2550 831 2614 in
863 2551 1003 2635 presenti
1034 2550 1199 2627 resistere,
1227 2547 1394 2612 libidinem

242 2676 316 2720 vero
339 2654 491 2738 fugiendo
514 2676 693 2739 superare«
733 2653 881 2720 Ofrcter
904 2654 1046 2732 emendo,
1070 2654 1164 2737 cupio
1191 2653 1303 2737 utique
1326 2652 1393 2715 ani·

244 2782 325 2825 mam
351 2781 453 2824 meam
475 2781 610 2842 servare,
634 2783 694 2845 pro
717 2783 780 2846 qua
802 2761 857 2827 ille
873 2781 1007 2847 mugnus
1031 2763 1187 2824 mercator
1210 2757 1295 2822 fudit
1319 2777 1390 2820 san-

244 2866 372 2950 guinem
395 2886 487 2929 suum
521 2869 554 2929 et
576 2887 641 2931 esse
672 2867 711 2930 de
733 2889 865 2932 numero
889 2865 1101 2940 enuohorum‚
1137 2883 1215 2948 quos
1240 2862 1395 2925 castravit

244 2991 308 3034 non
332 2970 501 3034 necessitas
524 2970 577 3035 sed
600 2969 702 3035 libere
725 2971 872 3036 voluntas
884 2971 906 3038 ⁴.
953 2968 1013 3036 Sed
1037 2990 1099 3054 quo
1124 2967 1271 3050 fugiam?
1294 2965 1394 3030 Video

245 3095 383 3139 sororem
408 3075 440 3137 in
463 3074 571 3154 domo,
604 3075 657 3140 sed
680 3097 752 3140 oum
775 3076 978 3162 oogorilla⁶
1002 3073 1248 3152 cerneremus,
1282 3073 1394 3138 ancille

245 3181 330 3257 sunt,
354 3176 404 3241 illi
419 3183 450 3244 et
466 3179 572 3244 domui
588 3180 621 3244 in
637 3181 833 3265 obsequium,
857 3181 910 3246 sed
932 3180 1012 3245 mihi
1035 3180 1068 3245 in
1084 3179 1221 3257 ruinam,
1237 3182 1270 3242 et
1293 3200 1392 3263 quau·

247 3287 317 3348 tum
339 3282 432 3348 vilior
455 3305 561 3348 cerum
586 3285 738 3364 condicio,
761 3289 851 3350 tento
868 3285 994 3351 fecilior
1009 3288 1058 3348 eet
1074 3283 1166 3347 ruina
1180 3333 1186 3346 .
1199 3331 1206 3346 .
1219 3332 1245 3348 ..
1264 3281 1305 3369 [f.
1318 3281 1393 3370 251]

247 3389 421 3474 Propterea
443 3389 611 3455 attrahunt
634 3413 685 3456 me
709 3391 842 3476 quedem
866 3391 904 3455 ed
922 3389 1152 3455 monesterium
1168 3394 1201 3453 et
1227 3389 1396 3455 retrahunt

247 3518 297 3561 me
319 3495 426 3580 alique
450 3516 468 3558 e
491 3494 654 3581 religione.
711 3495 891 3561 Attrahunt
920 3515 969 3559 me
1000 3495 1157 3558 bonorum
1191 3492 1395 3582 soeietc[te]s.

246 3600 334 3667 'l'alis
357 3600 440 3664 enim
473 3600 567 3665 homo
591 3599 742 3679 efficitur,
777 3600 920 3685 qualium
941 3601 1092 3664 societate
1119 3599 1249 3664 fruitur.
1296 3599 1395 3666 Video

247 3709 280 3771 in
305 3705 453 3770 claustrie
470 3705 651 3770 reformatis
670 3706 801 3770 celestes
817 3705 961 3770 homines
978 3709 1034 3770 aut
1049 3704 1159 3788 pocius
1183 3705 1314 3788 angelos
1333 3710 1395 3771 ter·

247 3814 383 3889 restres,
415 3831 549 3894 quorum
582 3810 781 3875 conversacio
805 3813 852 3874 est
886 3809 918 3873 in
942 3808 1036 3888 celis,
1061 3809 1115 3894 qui
1139 3810 1275 3892 quedam
1297 3811 1397 3876 nobili

248 3915 397 4000 superbia
424 3914 603 3998 despiciunt
627 3915 760 3980 honores
795 3920 826 3980 et
849 3915 979 3980 divicias
1003 3914 1097 3979 huius
1119 3915 1229 3980 mundi
1242 3965 1333 3982 .....
1362 3916 1398 3980 nt

814 4020 832 4059 ’l‘

321 4109 333 4161 1
355 4107 391 4161 Es
400 4107 438 4161 ist
451 4105 586 4162 vielmehr
595 4105 816 4176 Pseudoproeper
829 4105 931 4174 (Julius
944 4105 1100 4176 Pomerius)
1108 4123 1130 4162 s.
1141 4105 1396 4168 Fabricius-Manu,

250 4195 425 4252 Bibliotheca
442 4191 475 4259 V,
494 4193 555 4261 321,
574 4194 711 4264 gcdruckt
727 4194 773 4249 bei
791 4193 903 4265 Migm,
929 4193 1094 4265 Petrologia
1112 4194 1205 4250 latine
1223 4195 1253 4248 Τ.
1267 4194 1338 4258 LIX,
1358 4213 1398 4249 wo

249 4283 294 4338 ioh
313 4283 381 4338 aber
399 4299 482 4337 unsre
500 4283 582 4338 stelle
601 4282 681 4339 nicht
693 4283 774 4339 finde.
813 4285 869 4338 Des
888 4284 958 4339 citet
971 4283 1055 4338 kehrt
1074 4285 1160 4338 unten
1181 4301 1222 4337 nr.
1237 4283 1270 4338 68
1289 4281 1398 4339 wieder.

249 4369 312 4425 28.
332 4368 520 4434 merentem,
539 4369 626 4428 Gloss.
646 4387 667 4426 s.
686 4388 712 4425 v.
765 4371 782 4426 3
804 4370 827 4426 1.
848 4368 972 4431 Corinth.
992 4373 1014 4436 6,
1038 4369 1078 4426 18.
1138 4372 1154 4424 l
1174 4369 1239 4441 Vgl.
1254 4371 1397 4426 Mattheus

253 4459 292 4522 19.
314 4457 354 4513 12.
427 4461 442 4512 5
460 4459 545 4514 etatt:
566 4461 630 4512 cum
651 4457 703 4511 ille
720 4473 810 4527 sogor.
