3106 5252
651 428 691 492 61

640 629 700 702 25.

106 787 263 861 Thomas
293 788 550 884 [Oedenhofer]
580 786 812 860 anAndreas
841 785 1080 880 Kaufringer.
1135 787 1253 884 Auga-

466 912 561 1003 burg
584 909 680 982 1459
706 909 782 980 dez.
800 901 886 980 30¹.

441 1082 504 1137 clm.
524 1081 611 1137 22403
632 1082 649 1136 l.
670 1081 727 1137 157.
767 1081 917 1135 Abschrilt.

107 1207 398 1272 Gratulation
421 1230 495 1272 zur
527 1208 799 1290 erwerbung
832 1209 898 1272 des
922 1207 1256 1273 baccalaureats.

108 1309 305 1375 Danlrflir
327 1310 1052 1394 libersendungvoncantilenae
1075 1317 1255 1376 notatae.

344 1415 512 1480 Grlisse
535 1438 585 1479 an
610 1412 795 1479 Wiener
817 1412 1008 1480 freunde.

191 1557 321 1622 Amoris
343 1556 533 1641 integritate
557 1577 626 1620 curn
644 1554 862 1620 benivolencia
877 1557 1101 1638 preporrectis.
1140 1555 1255 1632 Quem-

106 1661 269 1726 admodum
293 1662 445 1745 gaudium
462 1667 510 1726 est
525 1660 649 1744 angelis
671 1681 767 1742 super
782 1680 846 1724 uno
863 1665 1028 1742 peccatore
1043 1661 1256 1744 penitenciam

106 1771 226 1849 agente,
262 1769 309 1832 ita
341 1768 420 1832 mihi
443 1768 642 1852 gaudendum
668 1772 757 1844 erat,
790 1786 862 1830 cum
885 1785 949 1830 non
977 1765 1068 1829 modo
1092 1771 1122 1829 te
1145 1765 1256 1832 bacca·

108 1871 253 1937 lariatum
277 1875 441 1957 accepisse,
465 1895 540 1959 ymo
564 1873 668 1937 verius
691 1894 728 1935 ex
746 1871 880 1935 mortuis
896 1872 1106 1936 resurrexisse
1129 1872 1258 1955 scriptis

109 1979 169 2040 tuis
193 1978 416 2062 intelligerem.
473 1977 623 2042 Parentes
654 1977 737 2040 enim
774 1975 823 2040 tui
845 1975 964 2058 aliique
986 1976 1080 2042 amici
1104 1980 1136 2042 et
1159 1978 1257 2042 amice

105 2087 135 2144 te
157 2083 351 2165 ergastolum
388 2085 492 2148 carnis
526 2083 659 2147 exivisse
692 2082 903 2146 autumabant
934 2103 1034 2166 exque
1066 2089 1192 2147 tuarum
1215 2082 1257 2147 li·-

109 2191 242 2251 terarum
279 2187 401 2254 visione
435 2189 522 2253 brevi
558 2194 700 2272 tempore
731 2185 980 2252 frustrabantur.
1032 2187 1078 2252 At
1101 2210 1175 2253 varo
1198 2210 1257 2273 ego

107 2313 225 2378 semper
249 2294 372 2359 eosdem
396 2293 625 2359 consolacionis
648 2292 788 2356 remedio
805 2292 993 2371 reficiebam,
1017 2293 1148 2358 dicendo
1171 2295 1257 2378 ipsis,

106 2399 184 2479 quod
207 2405 335 2481 tempus
359 2399 444 2463 alind
468 2421 564 2482 quam
579 2398 689 2463 literas
712 2398 928 2482 perscribendi
945 2405 1036 2478 esset,
1060 2421 1132 2464 cum
1150 2404 1183 2463 te
1198 2401 1257 2465 hoc

105 2508 242 2588 tempore
265 2505 420 2583 examini,
443 2491 703 2569 determinacioni
727 2503 862 2587 alijsque
894 2503 1017 2568 actibus
1048 2503 1086 2568 ad
1113 2508 1147 2568 te
1168 2526 1256 2587 spec-

108 2609 247 2672 tantibus
271 2610 436 2673 intendere
464 2630 589 2674 necesse
611 2608 782 2673 videretur.
831 2607 1015 2672 Noluerunt
1045 2613 1150 2674 autern
1182 2631 1256 2674 con·

105 2714 205 2794 solari,
232 2715 309 2800 quia
332 2736 424 2779 nemo
449 2721 527 2791 erat,
552 2714 607 2798 qui
630 2735 714 2793 vera,
737 2716 774 2777 ut
796 2713 889 2777 litere
914 2719 976 2791 tue,
1000 2715 1190 2778 nunciasset.
1213 2749 1258 2760 -

107 2816 264 2898 Preterea‚
290 2820 440 2904 quasdam
472 2819 551 2882 mihi
575 2818 812 2902 auritalenastl),
837 2819 900 2884 alio
924 2818 1058 2882 fortasse
1080 2822 1113 2885 te
1136 2820 1174 2884 ad
1198 2819 1258 2883 hoc

104 2922 227 2989 homine
251 2924 438 3009 instigante,
464 2928 592 2989 notatas
615 2924 832 3004 transmisisti,
858 2924 1028 3008 dequibus
1052 2925 1113 2988 tibi
1137 2925 1257 3008 gratias

104 3029 202 3094 refero
226 3030 412 3113 etquidem
428 3029 592 3108 maximas,
623 3030 703 3094 etsi
727 3052 790 3115 qua
813 3031 937 3095 noviter
960 3028 1106 3094 confecta
1128 3029 1258 3108 fuerint,

105 3134 242 3217 aliquam
274 3140 422 3200 notarum
455 3140 486 3200 et
511 3140 657 3200 textuum
684 3135 878 3220 eleganciam
908 3136 1071 3212 habencia,
1103 3135 1202 3200 eciam
1226 3143 1258 3200 te

106 3238 266 3305 laboribus
288 3241 354 3305 tuis
377 3240 579 3324 aliquatenus
602 3241 747 3305 absoluto
769 3242 851 3306 mihi
877 3239 1061 3306 renotabis2
1086 3247 1117 3304 et
1140 3241 1174 3304 in
1192 3243 1257 3306 Au·

105 3350 227 3425 gustam
262 3346 379 3410 nuncio
409 3346 469 3410 tibi
493 3350 681 3410 occurrente
712 3347 799 3410 mitti
822 3346 927 3411 facies.
973 3345 1060 3420 Quod
1085 3347 1111 3409 si
1135 3347 1257 3425 feceris,

105 3470 252 3532 magnam
285 3451 365 3514 mihi
397 3451 665 3534 complacenciam
689 3452 927 3517 demonstrabis.
985 3449 1173 3533 Magistrum
1199 3449 1257 3514 Jo-

105 3551 238 3620 hannem
256 3553 454 3621 Alberstorff
465 3554 488 3636 ³,
505 3555 694 3640 magistrum
711 3555 891 3620 ,Iohannem
908 3555 1092 3639 Sprenger⁴
1116 3555 1258 3638 aliosque

175 3731 188 3783 1
208 3729 331 3786 Thomas
350 3726 525 3784 Oedeuhofer
544 3665 711 3793 deMonaio,
733 3729 775 3782 als
792 3729 893 3784 frennd
918 3721 1110 3784 Gossembrots
1129 3729 1258 3784 erwabnt

104 3829 127 3868 v.
145 3816 334 3872 Wattenbach
353 3815 371 3872 i.
390 3815 417 3872 d.
436 3816 559 3872 Ztschrlt
577 3817 595 3870 f.
616 3817 648 3872 G,
669 3816 696 3870 d.
716 3816 883 3872 Oberrheins
904 3817 1034 3873 XXV55.
1072 3815 1123 3870 Eia
1142 3815 1259 3886 gedicht

105 3920 156 3959 von
172 3905 231 3959 ihm
251 3922 288 3959 an
306 3903 359 3958 den
380 3903 532 3958 Miinchner
561 3905 624 3958 arat
652 3903 958 3959 Balthasarllauavelt
977 3904 1004 3957 in
1018 3919 1090 3974 cgm.
1110 3904 1161 3960 973
1180 3903 1198 3957 f.
1212 3905 1254 3958 29.

105 3987 144 4044 Im
158 3992 226 4062 jahn
253 3993 320 4047 1480
348 3989 487 4046 erseheint
512 4007 542 4046 er
568 3990 611 4044 als
638 3990 730 4045 dekan
754 4009 788 4044 aa
816 3990 855 4045 St.
876 3991 977 4048 Moris:
1006 3991 1071 4045 »sub
1099 4008 1130 4046 eo
1149 3991 1259 4058 aliquot

105 4079 277 4144 quaestiones
295 4079 426 4133 decisae«
456 4078 938 4150 Khamm,Hierarchiahugnstana
963 4097 1027 4150 pars
1043 4079 1070 4132 II
1093 4081 1140 4135 tl
1164 4097 1190 4150 p.
1200 4081 1258 4136 108.

105 4163 120 4215 2
133 4163 167 4220 So
186 4166 257 4220 auch
270 4165 315 4220 die
324 4165 493 4234 abschriftb.
506 4167 552 4238 u.].
563 4167 605 4221 Du
620 4165 723 4237 (lange,
737 4168 825 4224 Gloss.
838 4169 889 4222 hat
899 4169 1042 4224 renotatio
1054 4190 1089 4216 =
1101 4168 1257 4224 annotatio.

105 4249 149 4306 Bei
167 4252 347 4308 Dioffenbach
365 4251 440 4309 fehlt
460 4254 510 4309 das
534 4258 614 4311 wort.
698 4259 715 4311 3
732 4255 874 4311 lohannes
897 4255 1007 4310 Knaber
1032 4255 1067 4311 de
1084 4255 1257 4333 Albersdopf,

105 4340 238 4396 1443-59
258 4359 296 4395 an
322 4341 370 4395 der
389 4341 504 4397 Wiener
523 4343 691 4398 universitat
715 4343 908 4398 nachweisbar
932 4362 953 4398 s.
974 4343 1132 4407 Aschbach,
1160 4344 1257 4399 Gasch.

104 4425 127 4480 cl.
147 4428 259 4484 Wiener
275 4428 355 4482 Univ.
366 4428 386 4496 Ι,
400 4431 460 4486 354.
480 4432 540 4486 478.
560 4433 621 4488 606.
649 4431 822 4487 Oedenhofer
842 4432 929 4486 selbst
947 4433 1029 4488 hatte
1048 4431 1079 4486 in
1098 4433 1181 4488 Wien
1200 4436 1257 4488 stu-

104 4511 173 4568 diert
193 4515 249 4568 und
268 4534 296 4572 es
315 4517 357 4570 bis
373 4533 433 4572 arim
448 4519 649 4574 baccalaureus
664 4520 823 4588 theologiae
836 4520 961 4575 daselbst
974 4521 1118 4590 gebracht,
1138 4539 1158 4576 s.
1176 4523 1260 4578 Asch-
