3106 5252
821 437 864 504 46

264 613 420 696 preterire
452 634 556 699 cogor.
601 611 738 696 Expedit
769 613 855 677 euim
882 612 946 694 hijs
980 612 1074 678 malis
1096 614 1140 678 sic
1164 615 1294 680 cottidie
1317 637 1415 680 emer-

267 718 417 802 gentibus
439 719 575 784 obviare.
622 716 704 782 Nam
728 721 765 783 ut
787 719 894 803 inquit
916 715 1063 784 Ovidius:
1100 718 1290 802 »Principiis
1312 721 1415 795 obsta,

264 845 335 887 sero
350 823 506 888 medicina
521 821 773 906 perstantium
787 823 872 888 mala
883 823 1066 909 prolongas,
1090 823 1254 890 invaluere
1269 822 1413 909 mora(s).

265 927 319 994 Set
305 927 473 1044 tpropria
494 949 552 992 uec
575 930 611 990 tu
626 931 702 991 veut
704 949 776 992 uras
797 927 1064 1008 differiuhoras,
1088 930 1222 1015 quinon
1247 935 1294 994 est
1309 929 1416 1006 hodie,

265 1055 334 1098 cras
357 1031 461 1096 minus
484 1037 577 1116 aptus
602 1032 694 1096 erit«
742 1031 920 1116 Accingere
948 1054 1045 1118 queso
1068 1038 1110 1114 te,
1134 1035 1321 1117 accingere!
1358 1032 1417 1100 Nil

265 1138 349 1202 enim
372 1138 439 1202 sine
462 1157 577 1221 magno
600 1139 666 1202 vita
688 1137 797 1202 labore
820 1138 908 1203 dedit
931 1138 1129 1220 mortalibus,
1155 1145 1190 1205 ut
1212 1140 1319 1224 inquit
1342 1141 1414 1206 bea·

266 1249 318 1308 tus
340 1243 535 1310 Jeronimus.
580 1241 654 1307 Non
691 1250 738 1306 est
760 1243 809 1306 vir
831 1248 980 1310 strenuus
1002 1250 1036 1309 et
1057 1244 1173 1326 fortis,
1197 1246 1252 1329 qui
1275 1245 1416 1312 laborem

264 1350 360 1435 fugit.
406 1347 479 1413 Non
503 1349 600 1414 eciam
623 1349 735 1414 crescit
758 1348 808 1412 illi
829 1350 953 1415 animus
981 1372 1019 1414 ex
1036 1372 1142 1415 rerum
1159 1350 1358 1430 difficultate,
1381 1357 1418 1416 ut

265 1454 372 1540 inquit
395 1453 533 1532 Seneca,
565 1453 618 1517 vix
642 1454 722 1517 bene
744 1452 886 1536 geritur,
910 1455 993 1539 quod
1016 1455 1128 1539 pavide
1150 1455 1285 1540 geritur.
1331 1454 1416 1521 Nus-

267 1581 360 1645 quam
386 1559 487 1623 virtus
512 1558 627 1622 clarior
650 1557 776 1638 eminet,
801 1581 895 1642 quam
919 1580 975 1624 suo
1000 1559 1128 1625 admoto
1151 1563 1322 1627 contrario.

354 1663 396 1728 Et
419 1663 494 1748 quia
508 1663 590 1727 nihil
605 1663 764 1747 privatum
781 1669 837 1728 aut
852 1663 1014 1748 publicum
1041 1663 1157 1730 stabile
1180 1687 1247 1730 esse
1268 1666 1421 1744 videmus,

266 1779 332 1836 tam
365 1769 527 1834 hominum
564 1790 659 1852 quam
694 1769 821 1834 urbium
852 1769 938 1834 facte
969 1770 1102 1834 volvunt
1088 1775 1150 1835 tur
1207 1769 1297 1836 Inter
1320 1772 1419 1837 eciam

269 1874 499 1959 placidissimos
523 1878 624 1938 terror
648 1873 765 1952 existit
790 1878 934 1958 tempora
957 1875 1040 1939 enim
1065 1876 1262 1960 temporibus
1285 1898 1412 1942 concer-

267 1985 347 2059 tant,
373 2001 478 2044 secum
501 1978 640 2061 singula,
664 1978 827 2044 nobiscum
843 1980 960 2044 omnia.
1006 1979 1103 2045 Vides
1119 1981 1272 2065 profecto,
1296 1987 1417 2065 quanta

268 2086 314 2148 vis
352 2084 385 2147 in
425 2106 459 2148 re
497 2084 626 2170 publica
656 2088 836 2169 temporum
869 2085 931 2164 sit,
970 2091 1091 2169 quanta
1127 2087 1264 2151 varietas
1303 2109 1418 2164 rerum,

268 2213 362 2276 quam
402 2191 516 2255 incerti
548 2189 670 2268 exitus,
709 2213 803 2274 quam
837 2191 991 2255 flexibiles
1027 2191 1190 2256 hominum
1230 2191 1420 2271 voluntates,

268 2297 343 2381 quid
378 2295 586 2374 insidiarum,
625 2295 701 2381 quid
733 2297 883 2360 vanitatis
914 2297 946 2360 iu
981 2297 1067 2375 vita,
1105 2318 1167 2361 non
1200 2296 1311 2361 dubito
1345 2296 1422 2380 quin

267 2404 386 2487 cogites
404 2401 423 2465 ¹.
470 2399 588 2465 Verum
613 2406 672 2479 est,
706 2401 856 2487 inquam,
891 2403 972 2487 quod
1007 2403 1118 2467 scribit
1151 2402 1261 2466 beatus
1294 2399 1422 2465 Jeroni-

269 2529 356 2584 mus,
381 2507 462 2590 qnod
488 2505 620 2570 affectus
643 2512 675 2570 et
698 2506 965 2589 perturbationes,
992 2508 1142 2591 quamdiu
1166 2507 1199 2570 in
1217 2506 1422 2570 tabernaculo

267 2611 408 2695 corporis
433 2610 527 2675 huius
551 2610 730 2677 habitamus
746 2618 778 2678 et
800 2612 910 2697 fragili
934 2634 1027 2678 carne
1050 2613 1291 2688 circumdamur,
1314 2610 1422 2676 mode·

267 2739 338 2782 rare
361 2721 392 2780 et
409 2736 517 2799 regere
533 2738 709 2799 possumus,
732 2723 897 2801 amputare
913 2739 975 2783 non
992 2738 1167 2800 possumus.
1216 2716 1421 2798 Quapropter

268 2846 304 2886 ea
328 2844 409 2906 equo
429 2858 471 2868 —
488 2826 524 2885 ut
539 2821 656 2886 Seneca
679 2823 718 2886 ud
734 2821 867 2887 Paulum
892 2822 997 2907 iuquit
1022 2859 1074 2901 -,
1097 2822 1235 2886 feramus
1258 2821 1365 2885 auimo
1388 2825 1421 2884 et

267 2933 395 2992 utamur
427 2927 507 3005 foro,
543 2929 626 3010 quod
650 2949 716 2992 sors
739 2928 911 3006 concessit,
938 2928 1037 2992 donec
1068 2927 1143 2991 ficta
1165 2925 1303 2990 felicitas
1326 2925 1425 2990 finem

196 3041 198 3047 ’
268 3033 359 3097 malis
382 3033 534 3115 imponat.
581 3031 671 3097 Tulit
694 3037 726 3096 et
750 3033 849 3097 multo
880 3033 1001 3098 maiora
1028 3054 1065 3098 ac
1087 3032 1316 3115 periculosiora
1337 3031 1423 3095 mala

268 3139 374 3220 prisca
397 3141 473 3217 etas,
497 3142 534 3202 ut
550 3137 751 3202 Macedonem
769 3136 913 3221 Philippi
936 3138 1037 3202 filium
1063 3145 1095 3202 et
1118 3142 1191 3221 post
1215 3135 1346 3202 Darium
1371 3157 1424 3199 re·

268 3241 366 3327 gem²
396 3248 427 3306 et
458 3249 577 3308 ceteros
608 3244 729 3327 plures,
762 3250 798 3307 ut
828 3243 930 3309 claret
960 3249 1103 3310 veterum
1138 3243 1286 3308 historias
1312 3240 1423 3324 perlu-

269 3350 455 3414 strantibus.

355 3454 458 3529 Quare
490 3460 522 3518 te
546 3454 677 3532 hortor,
711 3455 938 3520 humanissime
961 3460 1090 3537 pretor,
1116 3457 1152 3517 ut
1175 3475 1241 3518 rem
1263 3451 1427 3535 publicam

270 3561 331 3624 tibi
355 3559 572 3638 commissam,
596 3559 644 3624 uti
667 3559 791 3644 cepisti,
813 3559 1017 3626 laudabiliter
1039 3559 1195 3643 gubernes
1225 3563 1257 3620 et
1280 3578 1346 3620 earn
1370 3560 1430 3618 tua

268 3665 409 3729 mederet
439 3666 617 3748 prudentia,
662 3664 734 3730 Scio
761 3687 898 3750 namque
931 3669 964 3728 te
997 3666 1098 3729 virum
1129 3661 1426 3746 prudentissimum,

269 3771 324 3855 qui
347 3770 461 3834 nedum
495 3790 605 3834 cursus
636 3791 742 3834 rerum
765 3770 818 3832 sed
842 3775 874 3833 et
898 3769 952 3854 qui
976 3769 1079 3834 exitus
1104 3765 1232 3832 iuturus
1254 3766 1316 3843 sit,
1348 3785 1427 3847 pro·

269 3877 390 3959 spicere
414 3874 556 3958 [potest].
603 3873 670 3938 Nec
694 3881 725 3938 te
749 3877 895 3938 avertant
910 3874 1046 3939 aliorum
1067 3872 1208 3951 consilia,
1233 3891 1427 3956 quamquam

269 3980 443 4062 plurimum
459 3977 563 4042 valere
587 3983 619 4042 et
634 3979 777 4043 conferre
802 3979 1010 4044 dinoscuntur
1025 3980 1064 4043 ad
1081 3978 1258 4062 agendumr
1284 3975 1360 4060 quid
1383 3974 1428 4036 li-

269 4089 338 4150 ceat
363 4090 419 4148 aut
442 4084 588 4167 expediat
620 4106 676 4166 per
708 4085 868 4167 seipsum
904 4104 1092 4167 cognoscere
1124 4082 1305 4166 preclarum
1329 4084 1429 4163 atque
1541 4169 1542 4174 η

269 4190 433 4274 egregium
455 4187 566 4252 haberi
589 4188 670 4253 solet
692 4209 789 4272 supra
819 4208 1017 4253 communem
1043 4187 1205 4262 homiuum
1230 4184 1430 4250 facultatem.

341 4363 354 4415 1
375 4363 441 4416 Hier
453 4361 527 4429 folgt
547 4361 596 4414 der
609 4362 718 4430 anfang
739 4361 788 4416 der
811 4305 893 4417 achon
908 4362 978 4418 oben
999 4360 1170 4431 gebrachten
1189 4358 1285 4413 stelle:
1314 4357 1430 4411 Oiuvi-

270 4451 385 4506 dissime
410 4466 503 4504 rerum
538 4449 726 4504 humanarum
753 4450 868 4504 fortuna
892 4448 1152 4519 imperantibusque
1183 4443 1431 4516 perhorrescenda,

272 4557 335 4593 cum
357 4542 400 4594 tot
417 4538 570 4607 nepharios
589 4540 621 4592 ut
641 4541 733 4592 antea.
773 4536 844 4592 Vide
863 4536 910 4592 ibi.
983 4539 1055 4590 ‘lac
1076 4535 1209 4590 videmus.
