3106 5252
810 499 851 561 38

258 698 369 740 noram
398 674 588 738 rethoricam
613 677 709 756 atque
730 669 903 736 Salustium
938 673 1041 752 audio,
1065 671 1254 756 audiamque
1277 669 1410 752 insuper

258 781 321 844 alia
343 784 441 863 atque
464 777 537 842 alia.
584 777 652 844 Scis
675 779 759 863 quod
783 777 861 843 dico.
909 778 1027 844 Datum
1044 777 1151 843 Padus
1167 783 1226 842 eta.
1245 773 1381 841 Lvllr.

345 882 574 970 Wilh[elmus]
599 885 637 949 de
661 881 882 970 Reich[euau].

805 1231 862 1304 lb.

259 1376 452 1449 Hermann
484 1374 639 1448 Schedel
673 1398 721 1445 an
750 1371 916 1470 [Johann
944 1397 980 1445 v.
1009 1373 1153 1470 Aiohl].
1209 1372 1409 1466 Augsburg

645 1496 742 1569 1458
777 1495 986 1590 september
1005 1497 1027 1568 ¹.

575 1648 636 1703 clm.
657 1647 739 1702 224ss
758 1647 792 1702 76
811 1645 928 1715 eiulags.
967 1645 1096 1715 Concept.

261 1800 536 1886 llmpfehlung
569 1821 613 1864 an
645 1799 715 1864 den
750 1798 996 1862 adressaten.
1058 1795 1173 1862 Bitte
1205 1819 1265 1860 um
1295 1796 1408 1860 naeh-

261 1907 418 1972 richten
444 1927 524 1970 vom
541 1903 809 1990 Nttrnberger
837 1909 941 1990 tage.
987 1901 1101 1968 Wahl
1122 1902 1232 1966 Enea
1254 1900 1409 1966 Silvios

700 2031 784 2072 zum
808 2012 963 2092 papste.

350 2195 444 2213 .....
461 2146 733 2212 Reverendissime
747 2150 840 2230 pater
855 2151 887 2210 et
903 2145 1028 2210 domine
1038 2166 1198 2231 generose.
1233 2144 1331 2210 Venit
1346 2144 1407 2229 hijs

262 2254 371 2319 diebus
393 2254 431 2318 ad
456 2274 505 2317 me
520 2253 664 2318 dominus
679 2249 745 2317 H.²
767 2251 1006 2335 protonotarius
1029 2251 1167 2318 civitatis
1183 2250 1406 2335 Augustanus,

263 2358 459 2442 abantiquo
483 2379 515 2441 p.
541 2380 570 2422 v.
594 2361 698 2436 notus,
722 2356 860 2422 referens
884 2355 1012 2421 honoris
1035 2357 1096 2421 mei
1121 2356 1277 2421 racionem
1302 2377 1338 2420 ae
1361 2378 1408 2420 re-

262 2462 569 2530 commendacionem
591 2483 669 2547 erga
684 2483 716 2545 p.
730 2483 759 2526 r.
783 2462 938 2526 habuisse.
988 2461 1143 2526 Adiunxit
1165 2461 1300 2544 denique
1323 2460 1408 2525 salu·

263 2568 402 2633 tuciones
425 2567 592 2653 graciosaa
616 2565 763 2650 equibus
787 2565 992 2644 consideravi,
1014 2587 1077 2630 non
1093 2567 1152 2629 sub
1168 2564 1338 2630 oblivionis
1354 2587 1408 2630 ve·

265 2675 383 2739 lamine
406 2671 542 2738 detineri
564 2671 815 2737 familiaritatem
840 2670 915 2736 olim
938 2677 1049 2738 mutuo
1072 2671 1156 2736 inter
1178 2671 1405 2754 paternitatem

263 2785 400 2844 vestram
425 2783 456 2844 et
480 2799 530 2842 me
553 2781 758 2858 contractam,
781 2778 835 2842 sed
851 2777 954 2863 magis
976 2777 1162 2856 bonitatem,
1178 2777 1407 2862 integritatem,

263 2887 425 2969 pietatem,
441 2885 534 2948 fidem
551 2886 583 2947 et
598 2883 830 2948 humanitatem
844 2905 876 2967 p.
893 2904 921 2946 r.
939 2903 1015 2967 erga
1029 2903 1080 2947 me
1097 2882 1262 2946 minimum
1278 2882 1409 2947 mirifice

264 2988 547 3072 comprobare,non
560 2988 743 3072 mquidem,
753 2989 825 3052 duur
838 3009 996 3053 summum
1004 2989 1172 3053 ascendere
1182 2992 1411 3052 consueverunt

264 3095 432 3170 honorem,
461 3090 557 3156 facile
579 3113 687 3156 eorum
711 3093 866 3172 oblivisci,
896 3115 1029 3177 quorum
1057 3115 1153 3175 opera
1177 3114 1239 3157 non
1264 3096 1408 3158 utuntur.

265 3199 339 3264 Mox
362 3198 445 3262 enim
468 3202 506 3261 ut
521 3195 740 3283 Nuremharge
763 3220 793 3281 p.
819 3220 848 3263 v.
872 3218 937 3262 esse
961 3197 1192 3280 intelligebam,
1215 3220 1338 3263 sumnia
1367 3203 1413 3263 te·

265 3306 362 3367 nebar
387 3301 551 3386 voluptate
566 3300 588 3382 ³,
613 3325 683 3368 cum
699 3304 788 3368 velut
812 3305 957 3370 renovari
973 3305 1109 3389 gratiam
1128 3309 1265 3368 vestram
1281 3310 1313 3369 et
1330 3311 1413 3370 tam·

267 3431 363 3494 quam
386 3430 443 3491 per
467 3408 523 3474 hec
546 3431 618 3473 mea
632 3411 753 3494 scripta
768 3411 898 3475 eandem
914 3410 1096 3475 confirmari
1118 3411 1294 3492 sperabam.
1334 3410 1411 3494 Spe-

267 3535 340 3577 rans
364 3513 553 3578 confidentia
569 3513 723 3599 iugulari
733 3513 783 3599 (ἓ),
808 3521 854 3593 ut,
878 3515 904 3579 si
928 3514 1053 3598 quando
1070 3515 1328 3580 commemoratio
1354 3515 1412 3579 mei

265 3624 344 3702 aput
359 3640 390 3701 p.
408 3640 436 3684 v.
461 3623 517 3682 aut
539 3622 617 3701 aput
633 3617 883 3683 illustrissimum
901 3618 1064 3683 dominum
1080 3641 1184 3684 meum
1202 3621 1413 3686 marchionem

265 3726 371 3804 fuerit,
398 3726 508 3788 bonam
533 3724 777 3789 existimacionis
800 3747 867 3789 mee
885 3724 1002 3789 famam
1027 3726 1149 3810 optima
1171 3731 1276 3790 vestra
1303 3731 1411 3791 aueto-

266 3831 363 3895 ritate
385 3829 551 3894 observare
571 3829 679 3894 velitis
703 3829 881 3894 humillime
905 3852 1000 3915 rogo,
1032 3832 1116 3916 quod
1142 3833 1251 3916 utique
1274 3854 1312 3896 ex
1336 3855 1412 3917 qua·

265 3936 336 3998 dam
359 3934 470 3998 inuata
492 3934 610 4017 pietate
633 3957 757 4019 semper
779 3936 883 4000 facere
899 3938 1066 4001 retroactis
1084 3938 1282 4020 temporibus
1299 3937 1410 4022 [eirca]

266 4063 311 4119 ea,
336 4062 396 4124 que
418 4039 571 4104 honorem
595 4061 699 4105 meum
724 4041 967 4118 concernebant,
990 4041 1205 4106 consuevistis.

355 4194 424 4211 ....
450 4143 488 4209 D.
503 4143 672 4233 Jo[annes]
691 4143 851 4210 Kautzsch
875 4152 907 4211 et
923 4145 1106 4211 Leonardus
1130 4146 1248 4225 Gesseh
1272 4147 1304 4210 in
1322 4147 1417 4231 spiri·

833 4285 849 4323 ’l‘

342 4390 354 4442 l
377 4388 518 4458 Datirnng
536 4389 609 4442 nach
628 4389 676 4444 der
695 4387 842 4442 uaehrieht
861 4405 916 4445 von
935 4389 983 4444 der
1006 4389 1164 4460 papstwahl
1185 4389 1256 4443 Pius'
1278 4391 1311 4444 ll.
1345 4378 1418 4444 Uber

259 4474 321 4530 .den
340 4478 391 4545 tag
411 4494 444 4529 zu
463 4473 614 4546 Nflrnberg
632 4494 654 4530 s.
680 4475 853 4542 llluckhohn,
876 4475 993 4546 Ludwig
1011 4477 1038 4532 d.
1057 4475 1158 4532 Reiche
1176 4477 1218 4532 97.
1298 4478 1315 4530 2
1334 4475 1418 4532 Heiu-

267 4561 325 4617 rieh
346 4563 487 4617 Erlbach?
507 4581 526 4616 s.
549 4562 817 4621 stante-chronius]
833 4564 866 4630 V,
886 4566 945 4620 226.
999 4567 1015 4620 3
1036 4566 1066 4623 lu
1086 4566 1233 4623 voluntate
1254 4565 1417 4623 verbessert.
