3106 5246
687 439 749 504 195

229 613 270 677 Et
293 612 419 698 (quia)¹
442 617 479 677 ut
501 614 652 697 policitus
674 635 759 692 snm,
787 613 907 678 librum
930 613 1124 679 defensionis
1149 615 1292 680 Platonis

141 718 173 781 in
192 717 397 782 Aristotelem
421 719 510 782 vobis
534 719 644 798 mitto,
676 719 731 802 qui
756 724 792 781 ut
815 719 870 782 abs
894 720 1008 783 menda
1029 724 1111 802 aput
1134 741 1187 784 vos
1210 725 1295 785 trac-

141 825 239 901 tetur,
262 825 392 906 gratum
414 823 583 886 admodum
605 823 676 896 erit.
710 827 742 886 et
765 821 954 905 quantocius
981 823 1085 904 ipsum
1110 825 1297 889 transscribi

141 926 296 1007 feceritis,
319 927 452 992 eundem
475 926 594 992 librum
617 927 697 991 mihi
721 926 884 991 remittere
907 926 1013 992 velitis
1035 947 1092 991 oro
1109 975 1297 994 ........

229 1031 495 1096 Preetantissimis
510 1033 599 1111 viris,
623 1032 778 1115 magistro
804 1030 932 1098 Killano
947 1033 986 1097 de
1005 1029 1220 1112 Windsheim,
1243 1034 1297 1097 de-

140 1159 219 1202 cano
242 1135 406 1202 facultatis
421 1137 541 1200 arcium
566 1141 598 1201 et
621 1137 775 1222 magistro
789 1133 938 1223 J0[auni]
962 1136 1077 1201 Adorff
1089 1135 1101 1172 ⁹
1117 1158 1205 1202 sacre
1229 1142 1297 1202 teo-

141 1243 226 1326 logie
250 1241 462 1306 baccalaureis
485 1241 663 1324 collegiatis
686 1241 782 1324 studij
815 1239 1085 1324 Ingeldstadensis
1107 1242 1243 1306 dominis
1266 1248 1298 1306 et

145 1347 384 1430 preceptoribus
406 1347 471 1410 suis
496 1347 734 1412 colendissimis.

615 1560 824 1570 -————-—-—

687 1769 750 1841 93.

150 1911 344 1983 Hermann
366 1908 522 1984 Schedel
550 1935 598 1982 an
626 1910 843 1983 Hartmann
868 1908 1034 1984 Schedel.
1084 1909 1298 2006 [Nurnberg

624 2033 814 2127 14721731.

501 2188 564 2243 clm.
583 2187 635 2242 224
653 2188 672 2244 f.
690 2187 764 2244 200⁵.
801 2187 948 2258 Concept⁸.

145 2311 309 2396 Klagen
344 2313 444 2376 dher
477 2311 703 2377 schlechte
736 2312 898 2397 praxis.
944 2309 1298 2395 Heiratsprojekt

545 2417 616 2481 fflr
640 2417 894 2481 Hartmenn.

232 2555 376 2621 Salutem
399 2557 569 2639 plurimam
594 2556 688 2620 dicit!
711 2565 788 2621 xxx·
804 2556 855 2620 die
877 2556 1027 2633 octobris,
1051 2555 1161 2620 doctor
1184 2554 1298 2619 eximie

145 2668 176 2726 et
200 2665 313 2745 patrue
341 2661 568 2738 amantissime,
592 2664 712 2724 vestras
736 2661 844 2743 accepi
873 2661 1000 2738 literas,
1028 2661 1139 2724 seriem
1164 2681 1298 2744 quarum

144 2787 342 2849 summopere
364 2765 519 2831 intellexi.
565 2764 676 2828 Praxis
697 2765 852 2829 medicine
883 2765 1051 2829 admodum
1073 2766 1115 2828 ob
1137 2766 1297 2829 variorum

145 2870 392 2955 praelicentium
417 2870 479 2934 huc
494 2869 724 2935 confluentium
740 2867 1009 2956 [multitudinem]
1027 2870 1119 2934 exilis
1135 2871 1197 2935 heu
1219 2876 1299 2955 aput

144 2977 230 3041 viros
253 2977 361 3044 doctos
384 2975 436 3040 hic
460 2975 596 3040 habetur
619 2996 656 3040 ac
672 2976 705 3040 in
721 2976 787 3040 dies
802 2977 917 3041 nedum
938 2996 1008 3058 ego,
1030 2997 1138 3060 ymmo
1153 2979 1186 3040 et
1201 2976 1299 3040 ceteri

144 3081 204 3145 viri
226 3081 382 3146 solemnes
416 3081 595 3146 decrescere
617 3080 778 3164 conspicio
794 3080 829 3160 ⁴,
862 3081 903 3145 ob
927 3079 1009 3164 quod
1032 3085 1064 3144 et
1087 3079 1298 3146 accumulatio

145 3175 361 3270 pecuniarum,
389 3185 515 3270 qualem
539 3187 689 3271 consequi
711 3187 872 3270 poteritis,
899 3208 955 3251 vos
970 3185 1105 3251 iudicem
1129 3185 1299 3264 constituo,

145 3295 177 3356 et
199 3291 226 3355 si
249 3292 307 3357 hec
332 3291 483 3355 uberiora
505 3289 629 3370 forent,
652 3313 826 3376 numquam
849 3292 890 3356 ab
913 3291 970 3375 ijs,
1003 3313 1064 3376 que
1087 3291 1239 3356 honorem
1262 3311 1299 3355 ae

145 3400 293 3482 optatum
315 3401 458 3462 vestrum
482 3401 719 3477 concernerent,
743 3397 856 3480 quovis
880 3401 975 3479 pacto
992 3420 1042 3462 me
1066 3397 1204 3460 desidem
1227 3396 1298 3459 red·

145 3502 266 3566 dorent.
313 3501 469 3584 Experior
491 3502 524 3563 in
541 3499 606 3564 dies
624 3537 663 3546 —
686 3499 787 3583 proch
810 3498 912 3583 pudor
928 3500 985 3563 deo
1001 3505 1082 3565 teste
1097 3499 1299 3564 -homines

711 3649 729 3689 s
1174 3681 1183 3692 ,,
1260 3646 1272 3679 ι

217 3730 230 3782 1
250 3727 333 3798 l'olgt
351 3726 395 3782 cin
415 3725 655 3780 durchstrichenes
668 3723 818 3794 pollicitus,
832 3724 891 3780 also
902 3724 970 3794 quia
981 3742 1015 3778 au
1032 3723 1123 3792 tilgen
1142 3739 1297 3792 vergessen.

143 3816 160 3869 2
179 3814 276 3869 Xilian
294 3813 405 3883 Pfldger
423 3813 457 3868 de
475 3811 651 3866 Windsheim
670 3810 727 3865 und
746 3809 858 3867 Johann
878 3811 1033 3868 Permetter
1056 3811 1092 3864 de
1109 3809 1206 3875 Adorf,
1225 3814 1298 3866 erate

142 3901 237 3957 lehrer
256 3919 294 3956 an
313 3901 361 3956 der
380 3915 469 3956 neuen
489 3899 656 3956 hochschule
674 3917 706 3952 au
725 3898 888 3967 ingolstadt
906 3917 926 3951 s.
948 3897 1058 3963 Pranll,
1077 3897 1175 3954 Gesch,
1194 3899 1213 3961 1,
1234 3901 1267 3954 33
1279 3901 1298 3952 f.

144 3989 179 4052 11,
198 3990 260 4046 483.
293 3975 368 4044 Uber
388 3987 557 4049 Permetter,
586 3986 636 4040 der
654 3985 753 4041 vorher
778 3985 809 4039 in
829 3985 942 4056 Leipzig
961 3987 1058 4049 lehrte‚
1077 4003 1098 4041 s.
1119 3987 1189 4042 auch
1210 3987 1298 4040 Wim-

143 4075 219 4146 piua,
239 4073 394 4146 catalogus
411 4093 455 4129 nr.
474 4073 572 4128 XXIX.
616 4073 654 4128 Er
672 4073 768 4127 warde
788 4073 855 4128 1473
875 4073 916 4127 dr.
935 4072 1102 4142 theologiae.
1137 4073 1235 4128 Damit
1253 4075 1298 4130 be·

142 4164 255 4217 stimmt
283 4163 341 4218 sich
367 4163 412 4217 die
439 4161 493 4217 neit
521 4177 617 4216 unsres
636 4161 744 4216 bricles.
795 4162 837 4216 Da
856 4161 968 4231 Pfliiger
994 4162 1025 4214 in
1043 4161 1097 4214 den
1116 4161 1298 4217 facultatate-

142 4252 284 4306 schliissen
302 4250 352 4305 der
364 4250 410 4305 ria
429 4249 549 4319 antiqua
573 4249 623 4304 der
637 4249 893 4312 artistenfaculttt,
912 4249 1016 4306 welche
1028 4249 1073 4303 die
1092 4249 1195 4304 decane
1211 4249 1299 4305 dieses

142 4338 293 4394 aeitrauma
312 4339 459 4393 aufaahlen
479 4337 593 4408 [Prantl
611 4337 650 4400 ll,
668 4338 702 4390 49
716 4337 754 4404 ff.]
774 4337 853 4393 nicht
871 4338 1037 4402 vorlrommt,
1058 4355 1088 4393 so
1108 4355 1182 4392 musa
1202 4356 1231 4392 er
1251 4355 1299 4392 aur

144 4425 190 4480 via
209 4426 343 4482 moderna
361 4427 461 4495 geho'rt
479 4426 580 4480 haben.
652 4426 668 4480 3
686 4424 769 4480 Nach
786 4425 836 4482 der
854 4427 981 4495 stellung
1009 4426 1047 4478 im
1067 4425 1152 4482 codex
1170 4443 1233 4480 aum
1253 4443 1301 4481 vo·

142 4515 223 4584 rigon
242 4512 366 4582 gestellt.
438 4516 454 4567 4
474 4517 531 4566 Aue
549 4511 733 4584 conspicimus
751 4513 892 4582 corrigirt.

1034 4603 1090 4658 13*
