3106 5252
821 425 862 490 26

159 631 164 640 ·
265 603 386 670 honore
415 603 528 668 necin
564 600 742 664 reverencia
774 601 893 665 habere
924 599 1078 666 videmur.
1135 600 1235 667 Credo
1269 605 1416 690 equidem

265 707 383 772 multos
402 728 522 772 cesores
545 703 664 768 similes
679 702 801 770 Neroni
817 726 892 784 esse,
915 705 1004 769 cuius
1021 707 1219 790 temporibus
1242 730 1365 775 summo
1382 711 1417 774 in

263 815 336 879 odio
358 834 421 878 non
444 813 546 878 solum
564 814 656 875 erent
678 810 773 888 docti,
790 831 897 895 ymmo
931 815 963 874 et
985 811 1195 892 habebantur,
1218 813 1301 880 sieut
1316 813 1417 882 Juve-

265 918 346 984 nslis
361 923 486 1004 satyrus
502 921 655 982 testatur:
681 912 884 978 ›Mendieant
895 919 990 994 artes,
1005 916 1050 980 sie
1065 915 1167 980 Roma
1182 919 1289 1003 coegit
1307 941 1415 998 avara,

265 1030 297 1089 et
318 1045 390 1108 spes
413 1027 445 1088 et
467 1022 553 1088 recio
578 1019 754 1084 studiorum
778 1019 811 1083 in
827 1040 932 1084 cesare
955 1024 1090 1084 tantum.
1137 1019 1229 1086 Solus
1254 1024 1339 1088 enim
1354 1025 1416 1092 tri-

264 1136 328 1194 stes
344 1129 404 1194 hac
420 1131 608 1211 tempestate
623 1145 768 1190 eumenes
785 1125 933 1207 respexit,
957 1145 1027 1190 eum
1049 1126 1112 1190 iam
1128 1128 1198 1192 noti
1213 1128 1417 1213 celebresque

262 1238 356 1318 poete
372 1232 554 1299 balneolum
571 1229 703 1312 Gabijs,
721 1228 820 1294 Rome
836 1229 1008 1296 conducere
1031 1231 1142 1296 furnos
1159 1237 1332 1310 tentarent,
1355 1256 1415 1300 nec

263 1341 369 1404 fedum
404 1338 458 1420 elij
495 1357 552 1402 nec
575 1340 669 1418 turpe
700 1339 870 1418 putarent,
903 1356 1054 1418 precones
1076 1337 1145 1403 fieri
1169 1343 1246 1403 etc«
1264 1339 1285 1404 ¹.
1353 1339 1417 1416 Qui

262 1465 371 1510 versus
409 1441 590 1525 intelligere
627 1439 758 1519 volunt,
803 1441 910 1506 doctos
949 1442 1091 1506 homines
1128 1443 1175 1509 ita
1211 1443 1416 1510 vehementer

262 1549 359 1614 fuisse
381 1551 578 1630 contemptos
608 1550 641 1610 et
663 1549 802 1629 spretos,
826 1550 861 1610 ut
893 1546 992 1610 eciam
1023 1546 1176 1612 vilissime
1206 1548 1311 1614 officis
1338 1571 1414 1616 eon·

263 1654 352 1739 sequi
372 1653 502 1719 minime
518 1652 711 1717 dubitarent.
757 1647 824 1721 (lue
840 1671 909 1714 eum
928 1649 1047 1714 videret
1069 1649 1233 1716 Juvenalis
1256 1655 1306 1718 vir
1329 1654 1414 1738 peri-

263 1759 404 1824 tissimus
419 1756 544 1841 inquit:
564 1753 719 1836 »Frange
731 1753 835 1829 miser,
854 1752 990 1817 calamos
1006 1754 1202 1841 vigilataque
1214 1759 1316 1840 prelia
1331 1760 1412 1839 dele,

265 1864 320 1949 qui
343 1862 422 1928 fecis
444 1862 477 1926 in
501 1882 599 1945 parva
621 1858 770 1924 sublimia
786 1858 928 1922 earmina
949 1858 1038 1926 celle.
1070 1859 1148 1945 Spes
1165 1864 1254 1929 nullu
1269 1865 1413 1943 ulterior,

263 1968 376 2034 didicit
397 1971 460 2035 iam
485 1967 570 2030 dives
592 1984 717 2040 avarus,
743 1967 866 2026 tentum
885 1963 1048 2043 admirari,
1072 1968 1199 2032 tuntum
1215 1968 1345 2035 laudare
1366 1969 1414 2034 di·

261 2080 372 2153 sertos,
397 2077 434 2138 ut
456 2071 547 2156 pueri
568 2068 706 2134 Jnnonis
729 2089 815 2132 avem
828 2065 860 2126 ἰ
876 2115 1010 2133 .......

348 2175 479 2256 Verum,
503 2176 548 2239 mi
562 2173 769 2260 Hyeronime,
794 2194 855 2258 ego
870 2173 1002 2238 liberius
1019 2175 1180 2262 altiusque
1201 2179 1234 2244 in
1259 2179 1322 2264 hijs
1333 2183 1412 2248 scri·

261 2283 371 2348 bendis
393 2281 541 2366 processi,
564 2303 659 2366 quam
681 2279 837 2364 optimum
859 2282 891 2343 et
907 2285 1152 2348 consentaneum
1177 2284 1249 2363 fuit,
1272 2285 1346 2350 dum
1363 2309 1413 2352 me

262 2387 357 2452 huius
380 2388 475 2452 etatis
498 2408 620 2451 morum
645 2386 735 2469 piget
759 2384 924 2469 tedetque,
954 2385 1064 2471 itaque
1088 2410 1137 2452 me
1159 2411 1271 2456 revoco
1294 2395 1327 2454 et
1350 2393 1412 2456 mei

262 2493 358 2557 animi
382 2492 580 2577 propositum
605 2489 751 2554 scribam.
798 2487 916 2552 Mirum
941 2493 1047 2554 autem
1071 2491 1103 2556 in
1128 2493 1253 2558 modum
1277 2498 1332 2562 tue
1356 2495 1413 2560 illa

260 2597 434 2664 delectatus
467 2619 537 2661 sum
568 2594 722 2679 epistula,
758 2616 819 2677 que
853 2598 918 2658 tam
950 2601 1116 2676 accurate,
1138 2605 1260 2677 ornate,
1284 2601 1411 2680 diserte,
1541 2657 1542 2686 ,

260 2703 400 2768 suaviter
429 2701 609 2784 conscripta
646 2697 829 2764 Ciceronem
862 2699 947 2783 sapit
970 2704 1066 2785 etque
1093 2703 1262 2786 exprimit,
1284 2709 1322 2770 ut
1348 2706 1412 2772 alio
1541 2735 1542 2756 r

260 2809 380 2892 nato(!)
403 2807 509 2872 seculo
532 2807 601 2871 iure
633 2805 733 2869 videri
756 2805 868 2887 possit.
916 2804 998 2870 Nem
1026 2807 1110 2891 qnod
1133 2807 1218 2874 hisce
1243 2811 1410 2878 literarum
1541 2885 1542 2902 ,

259 2912 373 2995 studijs
405 2916 437 2978 et
460 2910 669 2976 humanitatis
701 2909 823 2974 artibus
853 2911 976 2976 deditus
998 2911 1056 2992 sis,
1080 2913 1131 2976 vir
1152 2914 1282 2997 optime,
1305 2921 1409 2982 totum

260 3023 351 3081 tuum
375 3021 423 3080 est
446 3020 477 3081 et
499 3014 669 3098 peculiaris
701 3019 748 3078 est
771 3015 1023 3097 commendacio,
1054 3018 1115 3084 hoc
1136 3021 1303 3102 presertim
1327 3027 1408 3088 tem·

259 3142 348 3206 pore,
372 3141 446 3204 quo,
469 3123 625 3202 utsupra
647 3118 777 3201 scripsi,
809 3122 874 3184 tem
899 3120 1045 3206 religiosi
1069 3145 1163 3207 quem
1187 3125 1341 3190 seculares
1364 3127 1410 3193 ita

259 3225 437 3309 despicatus
467 3223 588 3288 habent
616 3224 752 3304 litteras,
782 3230 819 3290 ut
849 3247 900 3290 eas
933 3227 1035 3292 dicere
1069 3231 1188 3312 pudeat
1211 3236 1243 3294 et
1265 3231 1410 3298 dedecori

258 3331 319 3394 sibi
335 3328 506 3413 putant(!),
530 3352 721 3414 quamquam
738 3352 796 3413 per
812 3332 882 3414 peri
899 3331 1065 3399 referatur.
1106 3332 1167 3409 Qui
1184 3337 1268 3400 enim
1284 3337 1410 3402 litteras

258 3438 499 3518 contempnunt,
512 3435 574 3518 ipsi
587 3440 619 3500 et
634 3457 653 3499 a
668 3435 786 3501 litteris
797 3442 1066 3520 contempnuntur
1088 3439 1122 3524 [f.
1139 3439 1227 3527 301}
1251 3441 1295 3506 Te
1308 3442 1411 3526 igitur

259 3541 302 3604 mi
318 3539 522 3624 Hyeronimc,
546 3562 604 3624 pre
628 3564 698 3606 mea
725 3543 757 3606 in
783 3546 815 3606 te
838 3543 1060 3608 benevolencia
1087 3545 1191 3624 laudo,
1214 3547 1354 3613 admiror
1378 3554 1410 3613 et

257 3647 291 3711 in
314 3645 417 3712 celum
440 3645 570 3726 extollo,
596 3648 679 3732 quod
705 3647 803 3712 eciam
826 3647 859 3711 in
885 3653 976 3712 tants
998 3649 1224 3714 adversitatum
1241 3652 1408 3718 affluencia

258 3751 538 3817 excellentissimos
561 3756 594 3817 et
609 3751 642 3816 in
659 3752 745 3816 omni
763 3751 867 3816 landis
882 3774 998 3835 genere
1016 3755 1184 3836 primarios
1199 3761 1325 3822 nostros
1341 3781 1407 3824 mc·

257 3857 339 3922 iores
370 3856 508 3920 imitaris
542 3861 574 3922 et
603 3862 716 3941 sponte
746 3863 802 3922 tua
834 3857 971 3943 vestigia
1009 3863 1112 3940 tenes,
1145 3866 1181 3926 ut
1215 3863 1320 3927 studia
1354 3863 1408 3928 lit

257 3966 397 4027 terarum
433 3962 579 4041 hauries,
630 3962 777 4028 liberales
830 3967 915 4028 artes
949 3985 1093 4030 exerceas
1128 3971 1161 4030 ct
1196 3968 1407 4033 immortalem

257 4067 317 4131 tibi
352 4067 487 4152 gloriam
513 4089 773 4152 comparesque
800 4073 832 4132 et
858 4068 949 4133 vivus
971 4069 1088 4134 fruaris
1117 4075 1149 4136 et
1177 4075 1405 4154 postmortem

256 4172 343 4238 vivus
368 4219 628 4240 ........
654 4172 755 4260 [folgt
788 4174 872 4238 danlr
905 4174 957 4240 fur
990 4177 1050 4240 den
1076 4176 1304 4259 glllekwunseh
1339 4180 1403 4244 und

823 4335 840 4374 ss

328 4414 341 4467 1
361 4413 473 4470 Satires
482 4415 543 4480 Vll,
556 4418 623 4470 1—6
629 4437 637 4482 ;
657 4417 820 4472 den1.vers
838 4416 1135 4488 liestlehnsensgube
1147 4419 1233 4474 nieht.
1310 4421 1327 4473 2
1348 4420 1366 4474 l.
1383 4436 1406 4476 e.

258 4502 288 4560 V.
308 4502 421 4562 26-31.
