3106 5246
782 451 846 516 200

241 652 348 696 corum
371 630 506 714 vestigia
528 632 633 717 sequi,
665 653 801 716 quorum
824 633 925 697 maior
947 653 1022 716 pars
1045 634 1202 715 provecta.
1218 632 1280 696 iarn
1305 635 1392 696 etate

241 741 273 801 et
296 757 367 800 curn
390 735 422 799 in
446 735 532 799 viros
555 737 662 802 doctos
685 737 867 817 evasissent,
890 736 1038 819 pluribus
1053 757 1160 802 secum
1175 734 1316 800 collectis
1337 755 1393 800 or-

242 840 348 905 dinem
370 844 515 904 nostrum
538 841 673 925 ingressi
696 848 789 918 sunt,
815 843 920 927 ipsum
944 843 1060 907 nedum
1083 841 1198 907 divinis
1220 841 1393 926 obsequijs‚

241 966 351 1009 verum
374 950 405 1009 et
427 944 504 1010 viris
528 947 716 1012 doctissimis
738 948 969 1011 illuminarunt.
1016 945 1086 1010 Hoc
1110 945 1195 1009 enim
1217 947 1309 1011 modo
1332 967 1391 1017 uo-

241 1055 307 1114 ster
335 1050 369 1113 in
399 1051 542 1133 personis
579 1053 678 1116 doctis
701 1051 802 1117 crevit
824 1053 919 1132 ordo,
948 1054 984 1115 ut
1016 1051 1082 1116 late
1105 1052 1143 1117 de
1169 1051 1278 1116 multis
1302 1051 1395 1136 quasi

243 1156 432 1221 doctissimis
454 1157 532 1220 viris
557 1162 657 1242 patet,
680 1161 717 1221 ut
739 1158 777 1222 de
793 1156 950 1222 Rabano¹
974 1161 1007 1222 et
1029 1157 1100 1240 alijs
1122 1156 1279 1240 pluribus.
1325 1155 1395 1222 Nec

242 1268 319 1326 tunc
342 1282 466 1326 necesse
497 1261 578 1341 fuit,
609 1261 749 1345 aliquem
778 1261 818 1325 ad
842 1261 950 1326 studia
971 1259 1165 1326 universalia
1188 1260 1315 1324 mittere
1337 1265 1396 1325 aut

243 1367 444 1451 gymnasium
467 1367 596 1452 aliquod
620 1365 782 1449 singulare
806 1366 938 1451 erigere,
963 1365 1089 1449 quodsi
1112 1387 1261 1448 umquam
1286 1385 1396 1429 neces-

243 1472 361 1535 sarium
384 1471 513 1551 fuisset,
547 1475 605 1538 abs
633 1472 728 1537 dubio
752 1495 772 1537 a
793 1473 900 1557 longis
923 1474 984 1536 iarn
1008 1473 1174 1536 retroactis
1198 1470 1396 1555 temporibus

243 1579 351 1660 putres
370 1577 492 1642 ordinis
516 1577 647 1642 statutis
663 1576 983 1662 ordinacionibusque
998 1576 1118 1641 ordinis
1135 1576 1195 1641 hoc
1210 1574 1397 1658 specialiter

243 1683 459 1749 inseruissent.
525 1682 698 1748 Verissimo
735 1683 818 1748 enim
848 1681 1001 1747 vocabulo
1036 1681 1159 1744 monaci
1191 1679 1397 1764 appellantur

244 1788 335 1872 quasi
357 1788 450 1852 unius
479 1788 623 1853 custodes
656 1788 759 1871 magis
791 1787 1055 1870 contemplacioni
1081 1807 1175 1870 quam
1204 1785 1270 1848 vite
1293 1785 1398 1850 active

244 1892 389 1957 insistere
409 1893 575 1971 debentes,
601 1913 699 1976 quare
722 1897 854 1957 externa
876 1893 1003 1976 singula
1027 1891 1116 1974 quasi
1141 1910 1334 1972 supervacua
1357 1910 1397 1952 ex

244 1998 351 2062 animo
374 1997 517 2062 tollenda
545 2003 629 2063 sunt.
684 1995 756 2061 Nou
787 1996 877 2061 dabit
898 2018 932 2060 se
955 1997 987 2060 iu
1014 1996 1071 2060 has
1095 1994 1258 2077 angustias
1283 1994 1398 2072 virtus,

245 2101 352 2167 laxum
373 2103 516 2186 spacium
533 2124 581 2167 res
598 2124 713 2187 magna
737 2103 902 2179 desiderat,
930 2102 1130 2186 expellantur
1153 2100 1268 2176 omnia,
1292 2102 1398 2164 totum

245 2211 355 2292 peetus
376 2208 420 2272 ibi
444 2201 623 2288 vaoet‚'ubi
646 2230 678 2272 se
694 2229 843 2273 monacus
864 2209 898 2271 in
921 2206 1025 2271 virum
1049 2211 1193 2270 sanctum
1217 2208 1249 2268 et
1272 2203 1397 2288 perfec-

245 2319 315 2377 tum
338 2313 468 2378 evadere
489 2311 643 2378 noverit²
656 2361 764 2379 .....
783 2313 829 2376 Ex
855 2309 1108 2398 Nur[emberga]
1135 2309 1292 2374 LXXHP.

716 2509 925 2516 *μ’

791 2594 851 2668 96.

246 2754 440 2826 Hermann
480 2753 635 2827 Sohedel
661 2777 709 2826 an
741 2752 972 2848 Gumprecht
1004 2749 1125 2823 Fabri.
1182 2749 1401 2846 [Nurnberg

744 2872 897 2972 1475].⁸

613 3029 678 3085 clm.
694 3029 746 3084 224
764 3029 783 3084 f.
801 3029 861 3086 278.
899 3030 1029 3100 concept.

247 3139 1234 3242 llbersendungeinesarztlichenconsiliums.
1268 3152 1401 3217 Nach-

438 3259 552 3323 richt
573 3260 680 3323 tiber
700 3257 926 3323 Johannes
947 3259 991 3323 de
1018 3259 1208 3324 Baireut.

335 3398 477 3464 Salutem
493 3401 665 3483 plurimam
681 3399 768 3464 dicit.
820 3399 961 3484 Longius
978 3422 1073 3485 quam
1090 3420 1325 3482 proposueram,
1351 3422 1402 3464 re·

248 3507 382 3570 verende
398 3511 499 3588 pater,
516 3506 617 3569 maior
632 3510 664 3569 et
680 3511 848 3589 preceptor
860 3505 1089 3584 colendissimo,
1107 3509 1244 3569 mentem
1261 3509 1402 3568 vestram

248 3612 280 3674 in
310 3612 458 3676 missione
489 3611 611 3696 oonsilij
646 3613 680 3674 in
704 3613 853 3676 discrasia
881 3612 1021 3695 corporis
1051 3612 1158 3691 vestri,
1186 3615 1222 3675 ut
1250 3611 1403 3694 policitus

249 3717 306 3796 fui,
329 3739 518 3799 suspensum
541 3717 658 3797 habui,
692 3718 833 3800 profecto
855 3739 919 3782 non
942 3739 1029 3782 secus
1054 3739 1148 3801 quam
1171 3717 1212 3780 ob
1236 3716 1402 3780 immorta-

248 3823 327 3887 lium
343 3822 355 3857 ⁴
374 3823 407 3886 in
431 3823 497 3888 dies
519 3824 757 3888 occurrencium
782 3823 983 3908 negociorum
1007 3821 1168 3886 cumulum
1192 3843 1227 3886 ao
1242 3821 1293 3886 cui
1317 3843 1403 3886 meas

249 3927 481 3992 committerem
505 3926 616 3992 literas
638 3933 708 3993 tute
731 3951 768 3994 ac
791 3929 962 4009 commode,
987 3928 1105 3992 habere
1122 3927 1261 4011 nequivi.
1308 3925 1404 3992 Nunc

248 4052 322 4094 vero
349 4033 516 4096 consilium
548 4055 607 4115 pro
637 4035 665 4100 d.
690 4057 719 4098 v.
748 4035 836 4098 iuxta
868 4035 1044 4098 exilitatem
1076 4033 1196 4117 ingenij
1231 4032 1401 4098 collectum

249 4136 343 4200 mitto
375 4136 408 4199 in
440 4138 565 4220 signum
591 4141 622 4202 et
645 4138 897 4222 recognicionem
922 4139 1038 4203 amoris
1066 4137 1309 4221 devocionisque
1334 4159 1403 4202 mee

250 4263 323 4325 erga
340 4242 569 4325 paternitatem
587 4248 733 4308 vestram.
770 4243 984 4310 Affeociouem
1000 4243 1160 4308 mittentis
1181 4241 1290 4324 pocius
1306 4264 1400 4326 quam

321 4433 334 4486 l
356 4433 503 4488 llrabanus
525 4437 643 4488 Maurus.
717 4435 733 4487 2
754 4377 938 4489 uenlsohluss
958 4433 1054 4488 bilden
1074 4433 1203 4501 phrases.
1287 4435 1304 4486 3
1325 4432 1404 4486 Dati-

250 4538 323 4588 rung
342 4521 414 4574 nach
433 4524 481 4576 der
500 4522 624 4590 stelluug
643 4523 681 4576 im
702 4523 786 4578 codex
800 4541 832 4576 zu
846 4540 886 4576 nr.
903 4522 947 4581 97.
999 4523 1016 4576 4
1035 4521 1115 4576 Statt
1133 4519 1403 4578 innumerabilium?
