3106 5246
814 439 874 502 168

265 635 332 679 rem
355 617 493 678 veterem
527 613 587 677 tibi
623 634 752 697 goram,
787 616 823 677 ut
855 613 893 677 ad
917 617 949 677 te
982 613 1089 696 aliqua
1111 613 1258 694 scribam,
1288 612 1418 678 silentio

264 717 419 802 preterire
441 716 538 784 nolui.
595 716 652 781 list
676 739 812 802 namque
842 717 893 781 hic
928 722 1055 783 caterva
1078 719 1275 802 permaxima
1298 719 1417 802 prinoi-

265 845 340 906 pum
365 828 397 887 et
419 821 587 901 nobilium,
611 822 657 885 nil
682 827 788 888 tamen
811 823 890 889 aduc
913 823 947 887 in
963 845 1057 888 cause
1079 823 1154 888 fidei
1171 828 1283 888 contra
1298 821 1419 889 'Purcos

265 932 330 1007 aut,
349 928 431 1012 quod
448 927 563 1008 minus,
578 932 689 992 contre
707 928 883 993 Bohemum
900 933 1131 1012 attemptatum
1149 925 1233 1014 [esu.
1267 925 1350 992 Sunt
1365 929 1419 994 hia

265 1033 436 1117 subscripti
460 1033 510 1098 die
526 1032 679 1098 hodierno
700 1035 881 1099 constituti:
921 1031 959 1099 D.
978 1032 1155 1100 cardinalis
1180 1036 1289 1098 noster
1305 1031 1418 1116 Augu·

264 1139 387 1219 stensis,
410 1137 536 1223 legatus
559 1160 578 1203 a
600 1139 708 1220 latere,
733 1141 789 1224 qui
824 1140 927 1220 hodie,
951 1141 1002 1204 die
1024 1139 1172 1205 videlicet
1194 1139 1266 1204 dive
1287 1138 1419 1223 Marga-

143 1272 152 1290 ÷
265 1246 355 1312 rethe
378 1246 411 1310 in
435 1246 565 1312 ecclesia
592 1245 623 1311 S.
641 1244 770 1312 Sebaldi
807 1245 1008 1330 presentibus
1024 1245 1142 1310 ibidem
1166 1243 1365 1328 principibus
1388 1248 1421 1308 et

265 1372 381 1436 magna
404 1351 610 1418 multitudine
626 1352 738 1436 populi
759 1352 885 1416 missam
902 1352 940 1416 de
964 1355 1074 1416 saneto
1094 1350 1211 1434 spiritu
1235 1348 1322 1414 omni
1345 1369 1419 1412 oum

265 1457 489 1540 solempnitate
511 1457 543 1520 in
577 1478 712 1540 persona
750 1458 882 1542 propria
908 1456 1099 1536 celebravit,
1129 1475 1319 1539 quamquam
1344 1454 1421 1518 dum

266 1561 401 1646 epistula
431 1563 526 1627 misse
554 1562 730 1648 legeretur,
768 1562 909 1628 Bararus
939 1563 1007 1646 ipsc
1039 1562 1101 1626 dux
1125 1558 1304 1624 Ludovieus
1335 1558 1421 1622 fame
1531 1559 1532 1562 ’

264 1667 378 1730 ductus
399 1687 503 1731 secum
526 1667 636 1731 ducem
662 1667 831 1732 Alhertum
855 1665 990 1732 Saxonis
1014 1671 1046 1729 et
1067 1665 1178 1730 ducem
1204 1660 1354 1728 Ottouem
1379 1663 1420 1726 ab

265 1769 396 1836 ecclesia
418 1770 450 1834 in
475 1770 652 1854 hospicium
675 1793 767 1836 auum
803 1772 937 1837 abduxit
960 1777 992 1837 et
1008 1771 1123 1836 omissa
1138 1769 1306 1834 devocione
1329 1769 1421 1834 invo-

266 1877 456 1960 caeioneque
485 1878 586 1942 sancti
622 1878 754 1961 spiritus
778 1876 992 1962 ingurgicioni
1018 1874 1076 1962 (ee)
1112 1874 1226 1939 maluit
1249 1895 1344 1958 quam
1369 1874 1420 1938 di·

265 1981 357 2062 vinis,
381 1981 429 2046 uti
452 1981 619 2046 catolicum
643 1983 798 2047 decuisset
822 1981 1010 2065 principem,
1035 1981 1196 2044 interesse.

352 2085 435 2151 Sunt
456 2091 488 2152 et
512 2087 564 2152 hic
587 2109 625 2153 ex
652 2092 743 2171 parte
767 2089 796 2153 d.
820 2109 901 2170 pape
930 2087 1095 2170 episcopus
1120 2084 1348 2166 Ferrariensis,
1382 2108 1421 2150 ex

265 2197 356 2276 parte
390 2193 592 2276 imperatoris
635 2193 801 2277 episcopus
832 2191 1028 2258 Pataviensis
1052 2196 1084 2256 et
1107 2190 1345 2270 Graveneaker,
1381 2213 1420 2254 ex
1531 2197 1532 2208 ³

265 2301 358 2380 parte
387 2296 471 2382 regis
504 2294 644 2382 Ungarie
688 2298 852 2380 episcopus
888 2295 1151 2380 Wisprimensis,
1189 2295 1419 2359 ambasiatores

265 2400 404 2484 episcopi
437 2401 709 2484 Magantinsnsis,
743 2403 945 2467 Treverensis
978 2407 1011 2466 et
1034 2400 1245 2480 coloniensis,
1277 2400 1356 2464 item
1389 2402 1418 2473 d,

266 2507 430 2590 episcopus
454 2507 612 2590 Spirensis
635 2529 673 2571 ex
696 2511 788 2592 parte
813 2509 899 2573 ducis
915 2507 1056 2572 Palatini
1082 2507 1173 2587 Itoni,
1196 2528 1290 2590 quem
1306 2506 1419 2572 morbo
1531 2599 1532 2602 Ἴ

265 2612 369 2676 nescio
393 2633 456 2696 quo
478 2609 692 2696 Heidelberge
719 2611 865 2676 laborare
887 2613 1007 2690 dicunt,
1031 2617 1080 2677 set
1096 2611 1299 2676 verisimilius
1318 2633 1417 2696 prop-

264 2721 313 2780 ter
335 2721 470 2781 mortem
494 2719 618 2783 comitis
647 2719 684 2784 de
709 2717 969 2804 Kaezenelpogen
995 2717 1058 2806 [ad]
1094 2719 1322 2800 hereditatem,
1355 2742 1417 2804 que
1531 2767 1532 2792 2

265 2821 334 2906 ipso
357 2821 426 2885 iure
448 2822 488 2886 ad
510 2823 616 2906 ipsum
640 2825 805 2908 pertinere
822 2825 947 2906 dicitur,
970 2825 1199 2908 possidendam.
1247 2822 1328 2888 Item
1353 2825 1418 2888 dux

264 2925 485 3010 sigismundus
506 2926 645 3008 Austris,
672 2930 736 2994 dux
767 2929 943 2995 Ludovicus
968 2929 1111 3009 Bovario,
1136 2928 1278 2993 marchio
1302 2929 1419 2993 Alher·

266 3036 317 3096 tus
339 3052 411 3095 oum
433 3031 500 3096 filio
524 3053 580 3096 suo
605 3032 763 3114 Johanne,
787 3036 850 3099 dux
875 3037 1030 3100 Arnestus
1054 3056 1124 3100 cum
1148 3033 1248 3099 fratre
1272 3055 1328 3099 suo
1360 3032 1418 3098 Al·
1531 3067 1532 3102 l

267 3137 356 3200 berto
379 3136 472 3200 duces
495 3136 640 3218 Saronie,
668 3138 746 3204 Otto
763 3141 826 3204 dux
844 3139 986 3219 Bavarie,
1010 3141 1175 3225 episcopus
1192 3139 1415 3224 Eyetettensis.
1531 3165 1532 3216 j

266 3239 364 3305 Venit
388 3241 479 3306 hodie
508 3243 650 3307 marchio
678 3243 859 3308 Friderious
884 3243 1207 3331 Brandenburgensis‚
1231 3250 1419 3330 expectatur
1531 3283 1532 3324 3

266 3346 318 3412 hic
340 3346 471 3411 cottidie
493 3348 660 3432 episcopus
687 3349 932 3435 Bsmhergensis
956 3356 987 3416 et
1010 3351 1265 3436 Herbipolenais.

833 3485 850 3522 ἵε

265 3559 317 3614 dex
336 3558 354 3611 f.
373 3557 425 3612 286
444 3557 565 3628 einlage]
586 3559 669 3627 aeigt
702 3556 914 3629 [Entschuldigt
934 3561 1005 3626 sich,
1030 3564 1094 3616 dass
1112 3580 1142 3618 er
1160 3562 1230 3619 noch
1249 3563 1327 3620 nicht
1346 3564 1419 3618 nach

265 3646 416 3716 Ntirnherg
434 3647 600 3716 gekommen
619 3648 676 3702 sei:
710 3647 842 3704 »Wiewol
854 3647 899 3702 ich
918 3648 1060 3718 allerding
1079 3668 1133 3706 von
1146 3650 1251 3706 hinneu
1271 3651 1419 3722 ahgerieht
1531 3665 1532 3670 ¹

265 3733 322 3788 vnd
341 3751 371 3789 so
389 3734 478 3802 lanng
497 3727 686 3789 aduerharren
707 3735 752 3789 nit
770 3735 799 3789 in
818 3735 912 3790 willen
931 3753 1057 3805 genesen
1077 3737 1139 3800 hin,
1165 3754 1194 3793 so
1214 3738 1278 3791 hatt
1303 3754 1331 3792 es
1350 3737 1417 3793 den·
1531 3739 1532 3742 ’

265 3822 350 3878 nocht
377 3822 421 3877 die
449 3824 571 3892 geatallt,
591 3823 640 3877 das
667 3825 721 3877 mir
744 3824 844 3879 ettlich
868 3825 947 3880 erher
971 3841 1069 3894 person
1096 3825 1122 3878 ir
1143 3824 1216 3879 eelhs
1244 3825 1313 3880 leibe
1343 3830 1418 3882 nott·
1531 3829 1532 3868 ἶ

265 3909 332 3962 halb
354 3925 383 3964 so
402 3909 472 3964 hooh
492 3911 646 3980 engelegen
665 3912 736 3979 sein,
758 3911 807 3965 des
826 3912 870 3966 ich
889 3930 920 3980 sy
940 3911 1048 3982 fuglich
1067 3911 1112 3966 nit
1130 3912 1293 3968 verlassenn
1311 3931 1417 3985 mugen

265 3995 346 4060 habe,
365 3996 456 4051 demit
473 3997 518 4051 ich
539 3996 752 4053 vndannckhers
776 3999 904 4054 abechids
924 3999 968 4054 nit
985 3999 1121 4055 verdaoht
1139 4000 1244 4060 ward«.
1281 4002 1348 4058 Also
1368 4002 1415 4058 da-

265 4083 337 4136 mals
356 4083 459 4153 gerade
478 4085 522 4140 die
541 4085 775 4156 dbersiedelungl.
813 4087 893 4144 Nach
912 4089 1117 4159 angaheWills
1144 4089 1417 4146 undWattenbaehs

263 4170 358 4225 wurde
376 4188 405 4225 er
425 4173 492 4227 aher
510 4175 567 4228 erst
588 4174 654 4228 1475
680 4175 746 4230 dort
762 4176 902 4246 physicus.
923 4207 954 4217 -·
975 4178 1029 4233 Der
1050 4177 1133 4247 obige
1151 4177 1226 4232 brief
1242 4179 1345 4247 gehbrt
1364 4178 1417 4232 mit

265 4275 306 4310 nr.
327 4259 359 4312 74
378 4260 435 4312 und
456 4261 487 4315 75
508 4279 675 4317 zusammen.
714 4262 850 4318 Adressat
863 4264 901 4320 ist
912 4265 965 4320 wie
978 4265 1052 4321 disse
1065 4284 1121 4321 nrr.
1144 4264 1250 4335 zeigeu,
1270 4267 1315 4321 ein
1329 4267 1417 4336 Auge-

265 4344 375 4415 burger,
395 4346 494 4401 hdchst
512 4348 742 4404 wahrecheinlich
765 4349 846 4414 hiber,
867 4369 903 4406 an
923 4352 976 4407 den
994 4355 1025 4423 J'a
1045 4353 1118 4408 anch
1137 4352 1182 4408 die
1203 4371 1257 4406 orr.
1272 4355 1314 4417 77,
1333 4356 1367 4409 97
1387 4372 1412 4406 u.

267 4434 317 4488 102
345 4433 486 4502 gerichtet
514 4435 584 4488 sind.
622 4437 689 4490 Zum
718 4438 811 4492 inhelt
839 4440 896 4508 vgl.
916 4439 1099 4504 Kluckhohn,
1129 4439 1245 4510 Ludwig
1269 4440 1297 4497 d.
1315 4440 1416 4496 Roiohe

267 4520 396 4576 asa-72.
435 4521 524 4577 Unser
542 4523 650 4577 berioht
669 4524 767 4593 hringt
786 4526 957 4581 mancherlei
975 4543 1064 4582 nones.
