3106 5246
812 467 874 532 156

266 646 429 728 appareat,
455 644 557 727 ipsum
572 643 606 724 (l)
631 643 704 708 dum
728 641 883 706 incedunt
904 641 956 706 vel
978 642 1053 706 dum
1077 647 1238 726 vagantur
1260 642 1366 726 sepius
1390 643 1423 707 iu

265 747 414 813 fenestris
437 747 485 812 vel
507 747 583 812 dum
606 748 746 813 resident
768 747 801 810 in
817 746 942 830 plateis,
965 747 1094 813 furtivis
1112 748 1297 833 aspectibus
1321 748 1422 812 clam·

266 854 388 919 destina
411 853 472 918 sibi
496 853 595 918 alium
619 859 767 938 querunt.
813 851 905 918 Unde
928 851 1037 917 fatuus
1071 854 1197 919 invenis
1219 853 1275 918 ille
1298 853 1420 917 censeri

266 962 372 1041 potest
396 957 430 1043 [f.
445 957 526 1041 277]
559 963 592 1023 et
614 958 716 1023 multo
751 957 869 1024 sorcius
891 959 924 1022 iu
948 963 1033 1024 etate
1063 959 1275 1038 constitutus,
1308 957 1422 1042 quiin

265 1062 435 1128 mulierum
459 1062 627 1146 blandicijs
650 1063 743 1128 fidam
777 1063 863 1146 gerit
885 1068 918 1130 ot
945 1085 1065 1129 earnm·
1091 1063 1424 1131 demonstracionibus

264 1168 310 1232 sic
332 1167 499 1233 fallacibus
521 1190 555 1233 sa
570 1169 750 1234 committit.
786 1167 864 1234 (lum
889 1191 948 1254 ego
972 1174 1066 1234 notus
1088 1171 1151 1235 sim
1173 1170 1206 1234 in
1223 1167 1335 1243 Judea,
1361 1167 1423 1232 tibi

267 1273 346 1338 satis
368 1293 434 1338 esse
458 1293 644 1357 responsum
668 1295 760 1339 nemo
783 1273 920 1341 dubitat.
965 1273 1135 1341 Snbneatis
1157 1275 1279 1341 dicens:
1321 1271 1422 1337 ›For-

265 1378 348 1442 sitnu
372 1382 431 1445 eto.
450 1377 480 1438 ¹«
528 1377 607 1444 Diuo
622 1379 706 1464 quod
723 1380 854 1463 egregia
877 1381 1038 1446 mendacia
1061 1403 1124 1446 non
1148 1384 1224 1444 sunt
1247 1379 1420 1464 reprehen-

265 1483 354 1547 sione
379 1483 484 1566 digna.
540 1481 662 1548 Ultimo
696 1483 791 1548 dicis:
831 1481 959 1549 »Unum
984 1506 1073 1564 vero,
1099 1484 1132 1548 in
1154 1505 1217 1570 quo
1239 1488 1271 1548 te
1294 1483 1422 1550 devium

265 1609 464 1672 summopere
484 1588 607 1652 hortari
624 1590 727 1671 cupio,
750 1593 809 1666 est,
832 1589 915 1673 quod
939 1589 966 1653 si
991 1611 1142 1674 nmquam
1165 1594 1305 1654 mentem
1330 1594 1419 1654 tuam

267 1694 418 1758 beneficia
442 1716 461 1758 a
486 1693 659 1758 venerabili
676 1694 995 1778 prestantissimoque
1020 1700 1112 1779 patra
1138 1695 1240 1760 felicis
1271 1696 1424 1760 memorie

266 1802 474 1881 suscepta...
490 1797 502 1834 ²
526 1799 727 1882 plurimaque
742 1799 878 1862 caritate
894 1798 1045 1882 amplecti
1067 1800 1131 1863 tuis
1155 1800 1313 1884 beneflcijs
1338 1800 1424 1883 apud

266 1904 360 1968 deum
383 1925 445 1968 non
471 1904 610 1983 omittas,
636 1905 825 1969 suavissima
852 1903 972 1988 deoque
987 1907 1079 1988 grata
1096 1905 1252 1972 libamina
1266 1906 1299 1969 in
1313 1906 1423 1972 anime

266 2009 332 2073 eius
347 2009 482 2074 salutem
498 2008 699 2094 frequencius
723 2009 878 2075 celebra«
936 2008 1104 2090 Hermone,
1128 2010 1230 2076 frater
1255 2010 1309 2090 mi,
1334 2011 1422 2076 inter

265 2115 452 2179 secreciores
472 2113 630 2194 lacrimas,
652 2115 707 2179 ubi
723 2115 809 2199 patri
833 2113 1028 2198 ymmolatur
1044 2114 1140 2195 filius,
1165 2136 1278 2180 nomen
1295 2115 1421 2180 domiui

266 2217 326 2282 mei
346 2216 524 2284 Leonhardi
548 2241 711 2304 nunquam
735 2219 837 2284 delevi
861 2242 880 2284 a
904 2220 1057 2286 memoria
1080 2225 1112 2284 et
1128 2241 1236 2304 preces
1260 2221 1300 2286 ad
1325 2221 1421 2287 deum

268 2345 326 2407 pro
360 2345 395 2389 eo
427 2323 560 2390 fundere
591 2346 654 2391 uon
681 2326 819 2390 cessabo.
881 2324 1007 2400 Quanto
1037 2329 1142 2390 autern
1173 2345 1281 2390 amore
1314 2325 1423 2408 ipsum

267 2426 488 2493 Leouhardum
519 2429 703 2511 dilexerim,
738 2432 899 2498 conscium
926 2437 1036 2496 mutua
1065 2431 1209 2496 caritatis
1231 2437 1286 2496 tue
1308 2437 1420 2515 pectus

266 2534 427 2616 agnoscit,
459 2535 574 2618 quibus
600 2536 759 2618 lamentis,
789 2559 852 2621 quo
882 2537 1008 2618 dolore,
1040 2557 1103 2623 quo
1136 2532 1263 2620 'gemitu
1287 2537 1421 2602 eundem

266 2643 450 2722 persecutus
473 2662 554 2719 sum,
577 2664 673 2726 opera
696 2648 729 2709 et
752 2643 846 2709 litere
869 2643 929 2708 iste
945 2649 1043 2709 testes
1061 2647 1148 2708 sunt·
1195 2641 1267 2706 Non
1292 2663 1420 2725 possum

266 2746 350 2810 enim
374 2744 464 2810 illurn
491 2770 511 2811 a
534 2749 687 2814 memoria
719 2749 825 2814 delere
851 2769 887 2814 ac
917 2770 979 2814 non
1002 2748 1157 2832 diligere,
1190 2747 1256 2830 qui,
1288 2747 1364 2810 dum
1388 2747 1420 2809 in

268 2851 414 2916 humanis
437 2859 528 2934 esset,
552 2853 738 2939 frequenter
760 2876 812 2920 me
832 2855 899 2920 suis
920 2855 1143 2920 dilectionibus
1159 2852 1313 2937 prevenit.
1350 2851 1418 2916 ΕΗ

267 2957 316 3022 cui
341 2957 388 3022 lui
410 2958 488 3024 forti
510 2961 637 3026 vinculo
660 2960 803 3026 caritatis
827 2959 1033 3040 conbinatos,
1065 2965 1097 3024 et
1130 2958 1190 3022 tibi
1213 2957 1306 3041 cupio
1333 2958 1420 3021 uniri

267 3062 299 3126 in
320 3062 436 3126 amoris
457 3063 648 3146 amplexum,
673 3067 826 3150 rogitans,
849 3072 886 3131 ut
908 3066 1122 3149 quiescentem
1138 3085 1243 3130 senem
1260 3062 1335 3128 olim
1362 3085 1419 3129 ve·

268 3170 413 3232 teranum
435 3167 623 3251 diligentem
647 3171 810 3255 reciproca
833 3171 1004 3237 dilectione
1022 3171 1139 3254 diligas
1164 3174 1196 3235 et
1219 3168 1360 3234 militare
1385 3169 1421 3233 in

267 3292 380 3355 eampo
402 3273 635 3358 scripturarum
660 3298 787 3342 rursum
813 3299 876 3342 non
899 3297 994 3360 cogas
1016 3281 1062 3357 tu,
1087 3276 1141 3360 qui
1164 3275 1271 3339 iunior
1294 3295 1336 3338 es.
1378 3273 1422 3338 Et
1550 3301 1551 3350 l

266 3375 293 3448 si
318 3381 349 3442 te
372 3378 492 3444 anseris
515 3380 637 3446 calamo
660 3382 728 3463 lesi,
752 3383 895 3448 dimittas
919 3383 1017 3448 michi
1046 3404 1103 3447 uec
1134 3402 1185 3444 mc
1207 3379 1344 3445 vicissim
1369 3379 1419 3444 le-

267 3482 370 3547 dendo
393 3483 511 3549 malum
537 3507 596 3570 pro
620 3487 705 3554 malo
728 3489 849 3566 reddas,
872 3488 987 3554 cumei
1003 3487 1046 3553 sit
1070 3485 1241 3552 secundum
1260 3484 1420 3549 iusticiam

267 3587 502 3670 ignoscendum,
527 3591 582 3675 qui
605 3597 794 3676 provocatus
816 3593 943 3676 appetit
971 3613 1005 3657 se
1027 3591 1146 3656 ulcisci.
1201 3589 1272 3654 llrit
1293 3589 1327 3652 in
1350 3589 1421 3673 pri-

266 3692 327 3756 mis
348 3697 514 3777 acceptum
537 3696 605 3775 deo,
629 3697 691 3762 erit
713 3697 793 3762 milri
815 3701 964 3781 gratum,
996 3697 1058 3762 erit
1081 3695 1269 3761 honorabile
1289 3698 1343 3758 tuo
1365 3714 1421 3758 ea·

267 3795 377 3878 rituti,
410 3820 506 3883 quarn
528 3801 605 3866 deus
628 3801 765 3866 feliciter
798 3822 984 3866 conservare
1007 3801 1157 3886 dignetur
1185 3819 1270 3864 nunc
1293 3803 1325 3863 et
1347 3798 1421 3864 lon·
1549 3821 1550 3846 i

266 3921 355 3986 gave.
401 3901 481 3968 Vale
504 3906 603 3970 amice
637 3909 669 3970 at
700 3905 802 3970 frater
825 3905 1007 3983 carissime,
1039 3909 1124 3970 etate
1145 3903 1206 3984 fili,
1229 3905 1332 3987 gradu
1356 3925 1420 3969 non

268 4006 372 4072 minor
395 4012 427 4072 et
450 4008 510 4074 hoc
533 4032 551 4074 a
575 4033 623 4076 mc
647 4015 777 4094 rogatus
801 4011 944 4089 observa,
977 4014 1012 4074 ut
1042 4008 1194 4094 quicquid
1217 4009 1298 4074 mihi
1319 4011 1421 4094 scrip-

267 4112 356 4192 seris,
378 4113 418 4179 ad
440 4135 491 4180 me
512 4116 651 4200 primum
674 4115 771 4180 facias
795 4116 968 4199 pervenire.
1005 4114 1051 4180 Ex
1068 4113 1236 4200 Dilliugen
1259 4135 1344 4180 anno
1362 4115 1419 4181 do·

266 4217 346 4282 mini
369 4218 537 4285 millesimo
562 4221 875 4306 quadringentesimo
890 4221 1086 4305 sexagesimo
1101 4221 1192 4286 sexto
1208 4220 1312 4305 prima
1331 4243 1422 4285 men·
1548 4299 1549 4308 ἵ

266 4321 310 4386 sn
333 4322 425 4408 Juuj.
815 4380 846 4457 4

340 4497 353 4550 1
369 4497 447 4552 Oben
465 4515 486 4552 s.
497 4499 562 4554 143:
583 4497 678 4554 ’Dices
696 4500 799 4565 forsan,
818 4499 938 4556 caritate
956 4501 985 4554 te
1003 4499 1123 4556 dolere«.
1226 4497 1327 4554 2Hier
1347 4500 1425 4556 fehlt

284 4585 369 4639 etwas
388 4585 427 4639 im
446 4585 534 4652 citat5
553 4605 573 4641 s.
596 4603 620 4644 ο.
638 4603 660 4642 s.
675 4589 732 4643 144.
804 4590 821 4644 3
844 4586 895 4641 ai?
