3106 5252
832 420 874 483 14

278 595 466 679 cognovisti,
490 600 526 658 nt
549 595 649 658 fortes
673 601 704 657 et
726 594 884 676 sapientes
907 594 990 656 viros
1014 594 1204 672 imitareris,
1228 595 1266 657 ad
1291 615 1425 676 quorum

279 705 431 782 precepta
454 701 595 763 animum
618 705 650 762 et
674 703 812 762 mentem
837 703 924 762 tuam
946 698 1028 761 sicut
1051 699 1090 761 ad
1116 699 1209 762 duces
1233 699 1372 781 optimos
1394 699 1427 762 in

280 803 325 866 rei
349 804 476 886 publice
502 800 843 886 administratione(m)
862 802 1075 865 conformares
1099 807 1132 865 et
1155 825 1191 866 eo
1207 803 1426 866 vehementius

278 908 472 985 accenderes,
504 929 567 992 qno
598 907 796 986 Ciceronem,
833 906 984 971 Catonem
1016 914 1048 972 et
1069 912 1194 972 nostros
1219 909 1429 988 Jerouimnm,

278 1012 511 1094 Augustinunr,
544 1012 748 1078 Lactancium
790 1013 968 1096 reliquosve
1006 1012 1207 1077 doctissimos
1234 1020 1265 1078 et
1288 1013 1430 1078 illustres

279 1119 363 1182 viros
386 1119 424 1182 ad
448 1119 611 1196 virtutem,
635 1119 673 1182 ad
691 1119 785 1182 decus
809 1123 841 1181 et
864 1118 1002 1200 gloriam
1027 1118 1132 1182 literis
1148 1123 1180 1182 et
1196 1119 1341 1184 doctrina
1355 1120 1430 1203 plu·

279 1224 395 1287 rimum
419 1224 543 1288 adiutos
566 1223 774 1306 intelligeres,

367 1329 436 1406 Quo
458 1329 581 1393 factum
605 1335 668 1407 est,
700 1335 736 1392 ut
760 1329 803 1412 hij
830 1329 1068 1412 prudentissimi
1092 1330 1162 1406 viri,
1190 1331 1246 1414 qni
1271 1330 1426 1413 ydoneum

281 1435 464 1518 quempiam
489 1435 527 1498 ad
553 1435 613 1498 boc
636 1436 789 1518 deputare
812 1441 867 1498 ant
884 1435 1001 1519 eligere
1025 1435 1153 1515 habent,
1177 1441 1209 1499 te
1233 1435 1429 1518 reipublice

278 1559 435 1602 summum
451 1539 573 1618 ducem,
592 1545 627 1602 ut
646 1562 718 1604 vero
734 1540 797 1604 dici
810 1545 924 1622 potest,
940 1546 996 1603 aut
1013 1561 1099 1604 more
1115 1546 1223 1606 nostro
1241 1541 1427 1624 magistrum

278 1646 393 1710 civium
419 1666 488 1708 esse
510 1645 689 1724 voluerunt,
713 1649 898 1709 statuerunt
914 1652 945 1710 et
962 1647 1176 1725 decreverunt,
1201 1646 1256 1729 qui
1272 1665 1429 1709 summum

278 1753 337 1830 ius,
360 1773 478 1828 curam,
503 1771 637 1834 regnum
660 1756 692 1813 et
707 1750 875 1834 imperium
892 1751 1013 1814 detines
1030 1750 1062 1814 iu
1087 1772 1139 1815 eos
1154 1773 1217 1816 non
1234 1751 1347 1829 solum,
1374 1750 1430 1833 qui

278 1856 316 1919 ad
341 1855 434 1919 buius
451 1856 637 1938 reipublice
658 1857 792 1921 tutelam
808 1857 981 1940 comparati
1002 1863 1057 1921 aut
1075 1858 1245 1940 conscripti
1273 1862 1357 1935 sunt,
1381 1860 1430 1919 set

277 1962 303 2024 si
328 1962 382 2046 qui
406 1962 609 2044 comparandi
633 1967 663 2025 et
687 1963 905 2027 conscribendi
929 1963 1002 2028 sint.

366 2065 432 2140 Qua
463 2089 533 2131 cnm
557 2066 602 2129 ita
624 2069 706 2144 sint,
739 2072 828 2130 tunm
852 2072 909 2145 est,
933 2067 1158 2132 humanissime
1181 2073 1213 2131 et
1235 2066 1428 2151 peritissime

278 2170 489 2255 Sigismnnde,
514 2171 572 2235 hoc
595 2173 655 2236 tibi
682 2173 934 2237 honestissimum
953 2177 984 2236 et
1008 2175 1097 2256 quasi
1121 2173 1264 2237 omnium
1287 2175 1426 2248 tuorum,

278 2276 393 2360 quibus
425 2276 569 2359 pluribus
595 2299 709 2363 magna
738 2299 809 2342 curn
833 2279 924 2343 laude
956 2283 987 2342 et
1022 2279 1294 2344 commendacione
1329 2297 1429 2360 prees,

278 2383 487 2447 honorificum
513 2381 590 2470 [leto
614 2385 720 2447 animo
743 2384 893 2466 amplecti
916 2390 949 2448 et
972 2382 1176 2470 suscipere]¹.
1222 2383 1323 2466 Spero
1346 2383 1429 2446 enim

277 2489 310 2551 in
334 2511 370 2552 ea
393 2511 426 2552 re
449 2491 495 2552 ita
518 2495 550 2553 te
573 2510 694 2573 gerere,
716 2495 754 2553 ut
776 2511 794 2552 a
819 2495 850 2553 te
872 2490 941 2573 ipso
958 2489 1039 2554 nihil
1062 2492 1232 2573 degeneres
1255 2495 1302 2552 eet
1319 2488 1426 2572 pocius

278 2595 345 2677 ipse
371 2601 475 2658 tecum
503 2596 541 2658 de
566 2595 657 2658 laude
680 2595 859 2671 contendas,
883 2600 920 2657 ut
936 2617 1006 2658 curn
1031 2600 1124 2660 antea
1146 2615 1255 2659 omnes
1278 2600 1310 2658 te
1327 2595 1429 2656 virum

278 2718 430 2780 magnum
455 2703 486 2764 et
510 2699 548 2763 de
572 2701 631 2765 bac
656 2701 840 2784 republica
865 2703 1093 2766 benemeritum
1117 2703 1284 2780 noverint,
1307 2699 1430 2784 possint

278 2804 364 2866 etin
389 2803 535 2868 futurum
558 2806 811 2870 laudatissimum
835 2812 867 2870 et
888 2809 1045 2891 optimum
1069 2809 1231 2891 predicare
1258 2854 1429 2872 ......

278 2907 324 2970 Ex
346 2909 405 2970 boc
429 2911 530 2988 enim,
559 2914 602 2975 mi
626 2911 835 2997 Sigismunde,
860 2919 950 2978 tuum
973 2937 1097 2994 nomen,
1126 2921 1181 2979 tua
1205 2915 1333 2991 merita,
1356 2920 1426 2977 tuas

278 3013 412 3076 virtutes
437 3014 526 3077 nulla
559 3039 708 3100 nmquam
743 3019 926 3082 obscurabit
949 3020 1087 3097 oblivio,
1111 3026 1158 3084 set
1179 3019 1353 3084 communis
1376 3017 1427 3080 hic

278 3119 415 3200 populns
446 3125 479 3183 te
501 3142 625 3205 semper
648 3124 845 3200 observabit,
879 3125 926 3188 tui
951 3125 1168 3189 recordabitur
1191 3147 1226 3188 ac
1250 3131 1281 3188 te
1305 3129 1427 3206 patrem

279 3227 311 3284 et
333 3229 502 3305 patronum
527 3249 651 3310 semper
674 3229 813 3305 habebit,
837 3250 966 3311 sperans
988 3230 1124 3292 virtutes
1141 3230 1199 3293 tibi
1224 3228 1356 3291 mirifice
1379 3228 1428 3288 in·

278 3328 356 3391 sitas
379 3351 448 3394 cum
475 3332 633 3414 dignitate
656 3335 772 3399 collata
794 3356 986 3398 accrescere.
1001 3383 1008 3397 .
1022 3384 1050 3400 ..

366 3433 433 3499 Hec
455 3437 494 3499 ad
517 3442 550 3500 te
573 3439 708 3515 exaravi,
736 3459 799 3503 non
822 3459 910 3502 secus
934 3460 1028 3521 qnam
1060 3438 1086 3500 si
1110 3443 1212 3502 tecum
1235 3457 1339 3501 coram
1363 3457 1428 3498 ser·

277 3561 400 3604 monem
426 3543 613 3623 habuissem,
637 3549 669 3606 et
692 3545 718 3606 si
744 3545 895 3628 quicquid
910 3544 1046 3608 fortasse
1061 3543 1192 3606 liberius
1216 3562 1309 3625 quarn
1334 3540 1425 3603 debui

278 3647 317 3708 ad
341 3650 373 3709 te
395 3647 503 3710 videar
526 3649 703 3731 scripsisse,
739 3671 796 3731 pro
827 3650 1026 3712 humanitate
1061 3654 1156 3730 atque
1179 3646 1349 3710 clementia
1373 3649 1427 3708 tua

226 3761 234 3772 ’
280 3751 358 3813 mihi
380 3751 525 3834 ignoscas
554 3759 651 3837 atque
674 3755 704 3816 id
730 3755 844 3837 ipsum,
870 3760 906 3817 nt
929 3777 987 3837 par
1010 3759 1076 3831 est,
1109 3754 1222 3817 bonam
1246 3753 1280 3814 in
1304 3755 1427 3834 partem

278 3856 413 3938 accipias
436 3862 468 3920 et
491 3881 541 3921 me
564 3858 623 3921 tibi
648 3859 876 3922 deditissimum
895 3864 927 3921 et
950 3857 1267 3940 obsequentissimum
1291 3856 1323 3918 in
1341 3860 1427 3919 tuam

277 3962 429 4044 suscipias
453 3964 596 4027 tutelam.
644 3963 722 4026 Vale
746 3969 778 4026 et
802 3965 833 4025 in
851 3965 896 4026 rei
913 3962 1040 4045 publice
1055 3961 1229 4025 utilitatem
1246 3959 1321 4024 Jesu
1336 3958 1428 4022 Chri-

277 4065 319 4129 sti
352 4066 500 4130 divinitas
534 4069 586 4131 diu
619 4074 650 4131 te
682 4069 721 4131 ad
752 4067 926 4132 multorum
961 4069 1096 4131 salutem
1120 4067 1278 4130 custodiat
1302 4071 1430 4148 etpost

846 4180 862 4218 a

350 4293 361 4343 l
384 4292 438 4344 Das
457 4291 706 4360 eingeklamrnerte
733 4293 770 4344 iet
789 4291 1014 4356 durchstriohen,
1043 4293 1115 4347 ohne
1144 4292 1231 4344 durch
1251 4292 1369 4346 anderes
1388 4307 1429 4344 er·

277 4381 348 4434 setnt
367 4398 400 4433 au
419 4381 486 4435 sein.
523 4381 576 4434 Der
595 4382 655 4434 sata
675 4380 712 4433 ist
732 4380 922 4436 unvollendet.
