3106 5246
821 467 884 532 162

281 652 408 730 cietate,
431 649 506 733 quia
528 669 598 713 cum
623 646 742 710 sanctis
757 647 885 708 sauctus
902 641 963 706 eris
979 645 1037 704 etc.
1086 637 1169 702 Bene
1185 635 1333 712 moveris,
1355 639 1431 700 sunt

277 758 362 821 enirn
385 756 444 820 hec
467 753 665 818 munimenta
687 752 752 815 vite
780 747 958 834 spiritualis
991 766 1029 809 ac
1050 765 1107 829 per
1130 765 1166 807 ea
1188 742 1226 807 ad
1251 741 1429 824 perfectum

276 867 397 927 statum
420 882 492 926 mox
515 857 712 943 pervenitur.
763 854 899 928 Addice,
930 851 1012 938 quod
1036 851 1153 915 stoicus
1175 849 1349 913 acerrimus
1372 847 1429 913 Se·

277 989 353 1032 neca
375 964 486 1054 li[hro]
502 963 767 1049 epistolarumflad
780 959 938 1025 Lucilium
954 957 1086 1022 scribit:
1112 953 1231 1020 »Nulla
1254 976 1303 1020 res
1326 954 1430 1037 magis

275 1074 408 1139 honesta
430 1073 537 1137 induit
559 1071 735 1154 dubiosque
758 1073 791 1132 et
810 1067 849 1131 ad
866 1087 1000 1150 pravum
1017 1060 1220 1128 inclinabiles
1243 1066 1373 1126 revocat
1388 1063 1428 1126 ad

276 1183 410 1259 rectum,
435 1199 529 1263 quam
553 1177 708 1240 bonorum
731 1174 873 1237 virorum
897 1170 1105 1235 conversacio.
1158 1167 1318 1233 Paulatim
1341 1169 1428 1231 euim

275 1284 469 1348 descendunt
491 1284 525 1346 in
548 1284 678 1366 pectora
701 1284 733 1344 et
748 1279 812 1342 vim
828 1280 1050 1361 preceptorum
1068 1274 1217 1338 obtinent
1240 1271 1428 1357 frequenter

278 1388 387 1471 aspici,
414 1387 596 1472 frequenter
618 1385 753 1450 audiri«

363 1490 421 1557 Sed
444 1514 538 1577 quam
558 1490 568 1527 ¹
592 1491 699 1574 inepte
722 1489 821 1552 vitam
838 1486 1016 1552 solitariam
1040 1486 1200 1568 reprobus,
1224 1485 1372 1550 existimo
1396 1488 1428 1548 te

274 1620 338 1663 non
361 1620 431 1663 mea
454 1597 650 1661 intellexisse
672 1595 802 1677 scripta.
842 1592 921 1656 Nou
946 1592 1029 1656 enim
1062 1593 1101 1655 de
1123 1613 1159 1656 ea
1182 1591 1333 1676 loquutus
1356 1611 1427 1654 sum

274 1702 447 1767 solitudine
469 1705 526 1766 aut
548 1702 587 1766 de
610 1700 690 1784 hijs,
723 1700 777 1784 qui
809 1700 959 1763 abstracti
990 1699 1030 1763 ab
1053 1697 1217 1762 hominum
1241 1695 1428 1782 frequencia

274 1809 410 1873 sordidis
432 1813 464 1872 et
487 1807 594 1891 impijs
624 1806 878 1891 cogitacionibus
908 1810 1043 1888 pateant
1073 1809 1105 1868 et
1127 1803 1216 1887 pleui
1240 1805 1428 1889 arrogancie

274 1934 311 1977 ac
334 1913 496 1996 supercilij
523 1916 655 1977 cunctos
678 1911 856 1995 despiciant
871 1916 1049 1994 ornentque
1064 1908 1192 1993 linguas
1207 1930 1279 1973 suas
1302 1911 1427 1976 cunctis

274 2018 480 2095 detrahendi,
516 2019 554 2080 de
578 2016 693 2100 quibus
717 2022 801 2080 recte
824 2015 958 2078 dicitur:
1001 2011 1093 2095 »Filij
1119 2019 1224 2079 autem
1249 2015 1425 2104 hominum,

274 2125 384 2188 dentes
399 2145 507 2187 eorum
523 2144 613 2186 arma
628 2126 661 2186 et
672 2122 800 2204 sagitte,
816 2126 849 2184 et
864 2121 977 2206 lingua
991 2142 1099 2185 eorum
1115 2121 1240 2204 gladius
1255 2127 1396 2188 acutus«
1413 2119 1425 2155 ²

274 2227 348 2294 Non
372 2229 455 2294 hanc
479 2229 532 2293 sed
556 2228 765 2312 tranquillam
783 2231 814 2291 et
829 2227 939 2291 mitem
961 2231 994 2290 et
1009 2226 1050 2290 ab
1067 2226 1232 2290 hominum
1247 2226 1338 2310 vicijs
1361 2249 1424 2292 nou

273 2335 314 2398 ab
337 2333 538 2399 humanitate
570 2339 725 2399 semotam
754 2332 960 2398 solitudinem
990 2331 1173 2416 intelligere
1194 2332 1297 2412 volui,
1331 2355 1424 2418 quam

274 2461 337 2504 non
360 2440 393 2504 iu
417 2439 496 2504 locis
520 2441 573 2505 sed
596 2440 629 2504 in
653 2440 768 2503 animis
791 2439 928 2503 inveniri
946 2438 1012 2503 scio
1027 2436 1049 2502 ³.
1095 2435 1214 2501 Vemm
1232 2438 1271 2502 ad
1293 2437 1325 2501 id
1349 2459 1424 2502 con·
1533 2487 1534 2514 ,

273 2545 357 2610 ferre
388 2545 458 2609 loca
491 2544 633 2609 salubria
662 2552 694 2610 et
722 2545 831 2630 quieta
860 2566 922 2609 uon
955 2545 1077 2608 dubito.
1123 2542 1205 2621 Oro,
1238 2545 1281 2608 mi
1312 2542 1424 2621 frater,
1533 2535 1534 2540 ¹

274 2672 368 2734 quam
391 2671 540 2734 umquam
564 2651 630 2715 vite
654 2650 850 2715 dulcedinem
875 2650 996 2714 urbano
1019 2649 1052 2712 in
1075 2650 1212 2731 strepitu
1239 2669 1275 2714 ac
1297 2649 1424 2735 fragore

272 2755 421 2839 percipis,
443 2755 499 2819 ubi
522 2755 679 2838 voluptas,
701 2756 831 2821 virtutis
850 2756 979 2820 inimica
1010 2755 1155 2838 imperat,
1178 2755 1424 2820 innumerabiles

273 2861 371 2938 mali,
405 2883 423 2924 a
454 2861 568 2945 quibus
600 2883 662 2926 non
693 2863 786 2926 modo
811 2862 1046 2945 proficientem,
1069 2862 1121 2926 sed
1144 2861 1322 2944 profectum
1346 2883 1424 2945 quo·

274 2988 336 3050 que
358 2967 498 3031 securius
530 2967 573 3030 sit
604 2968 721 3031 abesse.
768 2966 870 3032 David
902 2989 1016 3049 nempe
1043 2987 1150 3050 regem
1175 2989 1212 3030 ex
1235 2967 1368 3032 urbibus
1392 2967 1424 3030 in
1532 3031 1533 3046 ,

272 3070 474 3136 solitudinem
498 3071 691 3156 pepulerunt
714 3072 780 3150 hec,
804 3072 952 3136 videlicet
979 3073 1131 3156 iniquitas
1154 3078 1186 3137 et
1210 3073 1424 3138 contradiccio

273 3175 458 3239 incivitate
487 3175 522 3257 [f.
547 3175 638 3258 28111]
673 3179 704 3239 et
736 3174 828 3239 labor
854 3176 886 3238 in
912 3176 1015 3240 medio
1047 3177 1113 3240 eius
1145 3182 1177 3241 et
1207 3177 1368 3241 iniusticia
1392 3181 1424 3242 et

273 3301 336 3344 non
361 3278 507 3344 deficiens
528 3281 567 3344 de
589 3281 705 3364 plateis
728 3281 773 3344 eis
796 3301 894 3344 usura
916 3285 948 3345 et
970 3282 1071 3347 dolus.
1129 3284 1287 3347 Amarunt
1311 3285 1424 3348 solitu-

272 3385 379 3450 dinem
396 3385 587 3469 patriarche,
616 3387 718 3452 saucti
735 3385 932 3470 philosophi,
954 3393 1057 3470 poete,
1081 3388 1175 3452 duces
1197 3389 1424 3472 imperatores-

272 3513 334 3577 que
356 3491 541 3557 clarissimi:
584 3491 668 3556 Ymo
703 3513 776 3556 vero
808 3491 1013 3556 solitudinem
1037 3493 1109 3576 quis
1132 3514 1195 3557 uon
1228 3499 1331 3572 amat,
1364 3496 1424 3558 nisi

272 3599 327 3682 qui
352 3621 459 3663 secum
482 3619 548 3662 csse
570 3621 632 3662 nou
659 3599 756 3662 novit.
802 3597 919 3664 Sancta
941 3598 1122 3678 rusticitas,
1146 3604 1183 3662 ut
1205 3599 1251 3663 ait
1272 3598 1424 3664 Jhcroni-

271 3725 352 3783 mus,
376 3704 438 3769 sibi
462 3703 522 3768 soli
547 3703 685 3787 prodest,
709 3704 850 3768 studiosa
871 3708 978 3768 autem
1001 3703 1139 3767 solitudo
1162 3705 1309 3787 prodesse
1332 3725 1424 3788 posse
1531 3697 1532 3702 ¹

272 3808 517 3893 quampluribus
541 3829 605 3874 uon
629 3815 775 3895 negatur,
795 3813 827 3872 et
850 3809 917 3892 ipse
932 3807 1148 3889 Jhcronimus,
1171 3810 1226 3895 qui
1251 3810 1310 3874 hoc
1333 3810 1425 3890 dixit,

271 3917 427 3996 quantum
457 3914 630 3978 solitudine
659 3914 833 3978 delectatus
869 3918 902 3977 et
932 3917 1087 3999 quantum
1117 3915 1150 3978 in
1184 3915 1303 3980 mundo
1334 3915 1424 3980 utilis

270 4017 380 4097 fuerit,
402 4018 508 4083 sciunt
531 4039 650 4084 omnes.
698 4017 758 4082 Sed
782 4019 858 4103 quia
881 4039 945 4082 non
969 4040 1076 4083 omnes
1100 4026 1234 4103 possunt
1256 4041 1322 4086 esse
1344 4019 1422 4086 Hie-

269 4123 398 4203 ronimi,
423 4128 455 4188 et
477 4125 506 4188 si
536 4145 686 4208 maguum
710 4124 811 4187 nichil
834 4123 866 4186 in
891 4124 1062 4188 solitudine
1085 4133 1232 4208 geratur,
1257 4133 1363 4191 tanuen
1387 4133 1423 4190 ut

270 4229 398 4294 vivatur
421 4230 566 4306 innocue,
591 4229 736 4293 vitentur
757 4229 916 4293 incentiva
939 4229 1119 4309 libidinum,
1144 4231 1260 4314 quibus
1282 4233 1421 4315 porticus
1530 4251 1531 4272 ³

269 4336 438 4399 civitatum
456 4341 489 4400 et
504 4334 632 4399 theatra
648 4334 878 4414 flammescunt,
902 4356 1058 4417 parumne
1074 4336 1135 4400 tibi
1151 4336 1260 4402 forsan
1278 4338 1420 4403 videtur?

836 4461 854 4496 it

340 4551 354 4604 1
374 4551 462 4620 quia?
534 4552 550 4604 2
568 4549 613 4604 Pe.
636 4552 677 4614 56,
699 4552 724 4604 5.
796 4553 813 4605 3
833 4553 859 4605 Sl
879 4553 933 4606 deu
952 4553 1029 4608 brief
1048 4554 1403 4612 anuossembrots.141.
