3106 5246
730 451 792 516 209

185 630 422 715 ingenuumque
446 628 545 708 decet,
574 627 663 693 nolui
686 629 854 711 preterire,
877 626 954 711 quin
982 623 1144 709 prelatum
1167 627 1338 707 doctorem,

184 735 290 800 virum
302 734 445 818 profecto
457 733 657 798 humanitate
670 736 702 796 et
710 731 884 816 prudencia
904 731 1069 795 literarum
1082 731 1256 796 multarum
1266 753 1339 815 pre·

184 839 315 918 alarum,
332 840 438 923 legum
453 842 486 902 et
501 859 657 902 canonum
673 838 900 915 doctissimum,
914 834 1170 922 Ciceronis[q]ue
1186 837 1339 922 eloquen-

185 944 232 1007 tia
254 943 515 1009 facundissimum
550 944 579 1008 d.
603 957 632 1007 v.
658 942 967 1020 recommendarem,
996 941 1096 1005 etita
1119 942 1340 1026 ergaprinci·

185 1070 257 1131 pem
280 1049 532 1113 illustrissimum
560 1049 589 1112 d.
622 1048 732 1113 ducem
759 1047 952 1112 Ludovicum
967 1093 971 1100 ,
985 1046 1046 1110 sibi
1077 1046 1196 1111 auxilio
1219 1047 1341 1129 pariter

185 1157 218 1217 et
240 1152 350 1219 favore
375 1154 522 1218 assistere
554 1157 587 1217 et
616 1173 803 1238 promovere
826 1152 944 1231 velitis,
977 1155 1012 1214 ut
1035 1151 1139 1216 locum
1161 1152 1260 1216 statui
1284 1173 1340 1216 suo

184 1259 407 1324 condecentem
430 1260 464 1324 in
488 1260 577 1323 curia
598 1259 754 1343 principis
777 1257 915 1324 nancisci
953 1260 1050 1341 queat
1072 1255 1252 1322 humillime
1272 1277 1340 1322 oro.

189 1361 300 1428 Virum
325 1365 409 1430 enim
432 1364 625 1430 laudabilem
640 1364 781 1449 principi
796 1384 834 1428 ac
848 1363 953 1447 patrie
968 1362 1176 1427 utilissimum
1199 1363 1231 1426 in
1250 1363 1339 1427 brevi

184 1488 277 1550 spero
309 1490 486 1534 evasurum.
531 1469 652 1535 lndclis
681 1469 765 1535 enim
788 1470 880 1548 hone,
903 1468 1096 1553 optimorum
1119 1489 1253 1546 morum,
1276 1489 1338 1533 non

186 1595 224 1638 ex
248 1575 440 1639 mediocrum
464 1576 613 1660 prosapia
629 1573 849 1660 Nuremberge
871 1578 979 1639 ortum
995 1595 1061 1638 esse
1082 1570 1301 1659 [intelligetis]
1318 1571 1340 1638 ¹.

186 1678 404 1762 Perspicaciue
421 1703 458 1745 ex
481 1681 551 1765 ipso
574 1680 702 1766 singula
724 1680 917 1765 percipietis,
942 1680 1016 1744 dnm
1040 1679 1101 1743 sibi
1123 1699 1231 1743 coram
1254 1678 1283 1743 d.
1308 1701 1339 1743 v.

184 1785 274 1869 loqui
297 1785 427 1851 dabitur
443 1833 551 1853 .....
577 1785 624 1850 Ex
648 1783 909 1874 Nur[emberga].

656 2009 865 2020 ——ffl——n

309 2296 503 2370 Hermann
520 2275 675 2372 Schedel
702 2321 752 2370 an
780 2298 889 2372 einen
921 2297 1200 2371 unbekannten.

550 2455 614 2508 clm.
630 2454 682 2508 224
700 2454 719 2510 l.
738 2453 800 2510 255.
824 2452 974 2523 concepta

184 2577 268 2641 Lob
292 2578 359 2642 dea
384 2576 716 2644 beschauliohen
738 2579 897 2642 lebena.
937 2577 1055 2641 Bitte
1078 2599 1139 2640 um
1164 2575 1339 2642 hiicher.

269 2713 410 2779 Salutem
433 2736 504 2779 cum
528 2716 723 2779 incremento
739 2713 882 2778 omnium
898 2714 1052 2779 bonorum
1077 2716 1181 2780 anime
1205 2720 1238 2779 et
1269 2735 1338 2780 cor·

183 2819 280 2902 poris.
327 2819 466 2903 Egregie
500 2819 625 2884 domine
658 2819 768 2882 doctor
798 2818 1008 2902 religioseque
1037 2823 1145 2904 pater,
1181 2821 1282 2885 maior
1305 2826 1338 2886 et

183 2929 353 3008 preceptor
368 2923 596 2988 colendissime.
643 2921 806 3006 Cogitanti
822 2922 918 2988 michi
943 2923 1006 3006 hijs
1021 2924 1131 2988 diebus
1155 2925 1250 2990 huius
1273 2927 1334 2990 mi·

183 3029 331 3094 serabilis
356 3030 421 3094 rite
444 3034 563 3094 statum
585 3029 839 3112 fluctuantesque
866 3027 988 3093 animos
1009 3028 1194 3095 mortalium
1217 3052 1256 3096 ac
1278 3032 1334 3096 de·

183 3137 346 3200 testandos
370 3157 461 3201 casus
485 3135 580 3198 huius
603 3135 757 3217 temporie
781 3135 814 3197 in
831 3134 877 3197 nil
900 3134 987 3198 aliud
1004 3155 1099 3219 quam
1116 3136 1150 3200 in
1166 3136 1232 3200 dies
1254 3158 1334 3202 sem-

181 3263 239 3323 per
261 3241 294 3304 in
319 3241 408 3324 peius
431 3239 619 3324 periclitari,
643 3239 684 3303 ob
700 3238 783 3322 quod
811 3239 1038 3321 paternitatem
1061 3246 1198 3306 vestram
1223 3242 1282 3307 hec
1305 3247 1338 3308 et

182 3347 214 3407 in
248 3345 409 3430 plerisque
434 3349 599 3429 expertum
637 3348 668 3406 et
699 3344 826 3408 doctum
855 3365 913 3426 per
942 3344 1040 3429 longa
1061 3349 1242 3429 temporum
1265 3368 1338 3414 cur·

182 3448 284 3513 ricula
306 3449 481 3514 multifarie
503 3450 735 3534 (reddiderunt)
771 3469 807 3512 ac
829 3471 848 3512 a
871 3449 1067 3514 vanitatibus
1090 3453 1187 3516 seculi
1211 3459 1332 3519 retrac-

183 3561 262 3633 tum,
286 3555 474 3640 religionem
499 3559 564 3619 tam
587 3558 729 3619 sanctam
753 3559 784 3618 et
800 3553 887 3637 piam
902 3556 1075 3638 suscepisse
1093 3556 1197 3641 [scio],
1220 3560 1335 3645 inqua

183 3683 292 3725 secure
317 3661 424 3727 vivere
448 3661 662 3745 securiusque,
687 3661 808 3745 siquis
833 3661 1014 3745 deliquerit,
1047 3669 1193 3748 resurget
1206 3665 1270 3748 (l),
1291 3669 1339 3731 uti

181 3788 244 3831 non
268 3767 379 3832 dubito
403 3767 538 3832 dulciter
552 3767 610 3832 hec
634 3767 785 3832 hactenus
809 3773 961 3851 gustasse.
1012 3765 1120 3832 Laudo
1137 3772 1337 3853 propositum

185 3877 218 3936 et
242 3873 362 3937 lactum
385 3877 449 3937 tam
474 3877 629 3937 sanctum.
675 3869 761 3935 Deus
793 3893 850 3935 aua
880 3871 988 3952 gracia
1011 3872 1204 3938 incolumem
1227 3895 1282 3939 voe
1307 3882 1339 3939 et

181 3978 329 4042 insnum
353 3978 540 4063 obsequium
572 3976 718 4042 stabilire
751 3982 783 4042 et
805 3977 860 4041 diu
880 3965 1066 4041 conservare
1095 3977 1195 4057 velit,
1227 3981 1338 4062 suplex

180 4103 245 4148 oro.
292 4080 433 4166 cognovi
463 4088 495 4147 et
528 4083 748 4167 experimento
781 4083 899 4161 didici,
933 4084 1164 4166 paternitatem
1196 4090 1336 4148 vestram

182 4186 279 4252 michi
302 4187 342 4252 ah
365 4188 497 4252 ineunte
520 4191 605 4252 etate
628 4186 726 4251 fuisse
749 4187 992 4265 amicissimum,
1016 4187 1102 4251 omni
1126 4187 1263 4271 denique
1287 4188 1336 4253 fa·

181 4314 258 4357 vore
273 4314 310 4358 ac
327 4293 482 4358 bonorum
499 4292 700 4358 exhibicione
716 4315 841 4377 semper
857 4292 1052 4377 largifluum.
1100 4291 1206 4357 Unum
1231 4300 1338 4358 tamen

749 4481 769 4518 a

252 4553 263 4606 l
284 4553 510 4611 Durohstrichen.
583 4557 599 4609 2
621 4555 684 4626 Vgl.
703 4555 755 4608 das
775 4553 915 4624 folgende.

232 4657 338 4707 Sotaden.
1096 4643 1129 4702 14
