3092 5244
783 435 824 502 76

774 653 834 726 35.

224 793 417 866 Hermann
445 791 597 864 Schedel
622 815 670 862 an
696 791 905 888 [Johannes
926 791 972 863 de
997 790 1216 863 Ratisbona.
1259 789 1381 882 Auge·

585 912 679 1007 burg
709 913 806 986 1460
834 916 986 1010 augrrst]
1000 925 1022 986 ¹.

305 1067 477 1120 11111241.
497 1067 570 1124 31211.
601 1065 741 1137 Concept3
762 1067 930 1132 verbunden,
950 1067 1126 1137 fortsetaung
1143 1067 1173 1121 in
1193 1083 1271 1123 verso
1284 1067 1302 1118 ².

226 1188 456 1254 Iuvektive.
504 1187 587 1253 Lob
610 1189 679 1254 der
704 1189 931 1268 Italiener,
962 1190 1270 1278 verteidignng
1299 1191 1383 1256 der·

225 1294 373 1359 selben
391 1295 760 1380 besondersgegen
786 1277 1381 1375 denvorwurfderhabsucht,

225 1403 295 1466 den
326 1422 368 1464 11
391 1401 464 1464 den
489 1398 745 1479 Deutschen,
776 1421 847 1464 vor
876 1399 1000 1465 allem
1030 1400 1117 1467 dem
1150 1402 1291 1468 clerus
1314 1425 1375 1467 au·

270 1505 374 1570 11111
395 1505 526 1591 giebt.
566 1503 850 1589 Empfehlung
878 1503 1110 1571 Hartmann
1134 1505 1338 1572 Schedels.

312 1645 444 1711 Sincera
473 1644 522 1708 sui
551 1643 860 1709 recommendacione
899 1645 1061 1728 premissa.
1120 1646 1154 1712 Si
1186 1669 1255 1712 mee
1278 1646 1382 1727 litere,

226 1755 337 1818 doctor
359 1749 507 1835 egregie,
540 1748 663 1812 tardius
686 1771 783 1833 quam
805 1751 989 1832 oportebat,
1018 1774 1039 1815 a
1071 1775 1121 1817 me
1144 1751 1289 1817 absolute
1311 1752 1380 1816 fne-

225 1859 300 1937 rint,
323 1855 479 1920 maximus
503 1853 584 1918 fecit
606 1853 657 1918 his
688 1855 798 1918 diebus
829 1855 1075 1939 occupationum
1103 1855 1195 1921 labor
1222 1878 1259 1920 ac
1286 1877 1379 1939 egro-

224 1961 366 2026 tancium
389 1960 506 2024 nedum
520 1957 699 2022 incolarum
716 1958 768 2022 hic
789 1958 945 2043 Auguste,
961 1981 1072 2025 verum
1088 1964 1120 2025 et
1135 1961 1293 2025 nobilium
1319 1963 1380 2027 oir-

225 2091 424 2155 cumquaqne
460 2070 522 2133 huc
545 2067 774 2133 confluentium
802 2069 1082 2152 impedimentum,
1122 2071 1238 2154 quibus
1271 2068 1381 2133 multi-

225 2175 336 2260 pharie
351 2195 521 2258 oppressus
537 2174 658 2237 fueram
674 2197 681 2249 ;
707 2173 873 2256 potissime
889 2179 995 2238 tamen
1013 2175 1199 2240 detestanda
1220 2175 1381 2240 involuoio

227 2280 408 2364 principum
443 2282 624 2344 nostrorum
647 2276 744 2358 fecit,
775 2283 811 2342 ut
833 2278 944 2343 literas
967 2301 1052 2344 meas
1075 2281 1125 2344 cui
1148 2279 1382 2346 committerem

225 2407 287 2450 non
319 2384 482 2450 habebam.
539 2383 696 2466 Proposui
721 2384 819 2448 eciam
843 2390 993 2467 patruum
1018 2407 1134 2466 meum,
1158 2382 1378 2472 m[agistrnrn]

228 2487 492 2578 H[artmannum]
517 2487 650 2554 Schedel
673 2492 747 2553 ante
770 2491 820 2554 sui
843 2511 998 2554 recessum
1022 2489 1281 2576 aNuremberga
1303 2489 1379 2553 visi-

226 2601 328 2676 tasse,
363 2617 433 2662 cum
467 2617 529 2680 quo
563 2596 602 2659 de
634 2595 744 2660 multis
767 2595 990 2676 contulissem,
1022 2601 1071 2660 set
1093 2597 1125 2660 id
1148 2617 1211 2661 non
1235 2595 1381 2674 dabatur,

226 2703 301 2786 quia
331 2703 445 2782 cicius,
476 2724 572 2786 quem
597 2703 782 2785 sperabam,
814 2701 853 2766 ad
876 2701 1115 2767 universitatem
1144 2722 1178 2765 se
1201 2699 1382 2765 transtulit.

226 2806 381 2872 Fecissem
406 2812 437 2872 et
460 2809 520 2874 hoc
542 2809 749 2891 quantocius,
782 2807 809 2871 si
832 2807 1015 2872 discrimina
1037 2806 1162 2872 viarum
1184 2828 1248 2871 non
1273 2806 1382 2870 obste-

226 2913 355 2992 tissent,
386 2935 447 2997 que
478 2913 511 2976 in
535 2913 600 2978 dies
622 2913 695 2996 plus
718 2913 909 2978 invalescere
935 2914 1115 2998 conspicio,
1146 2911 1383 2977 nonobstante

226 3018 403 3097 concordia,
429 3040 490 3102 que
513 3039 582 3082 cum
607 3018 645 3082 ad
669 3017 805 3081 tutelam
828 3017 991 3082 hominnm
1015 3018 1101 3082 facts
1123 3017 1321 3097 credebatur,
1347 3017 1381 3080 in

227 3123 396 3188 eorundem
425 3121 582 3186 excidium
619 3142 709 3185 versa
741 3124 796 3185 est.
844 3119 926 3185 Nam
960 3144 1158 3206 quocumque
1182 3121 1325 3186 locorum
1348 3143 1383 3184 se

227 3228 298 3313 quis
323 3227 494 3291 transferre
524 3228 695 3311 proponit,
726 3248 791 3291 non
814 3227 900 3292 aliud
924 3251 1020 3312 quem
1044 3228 1212 3293 discrimen
1235 3226 1379 3311 corporis

227 3332 487 3417 erepcionemque
500 3333 655 3398 bonorum
671 3353 800 3396 suornm
817 3338 985 3416 expectare
1000 3334 1104 3398 habet.
1138 3331 1258 3397 Forsan
1280 3331 1377 3397 delie-

226 3438 268 3503 tis
291 3439 408 3502 nostris
431 3439 632 3523 exigentibus
663 3439 777 3504 merito
809 3439 867 3503 1111
888 3439 1042 3522 patimur.
1088 3437 1207 3502 Verum
1235 3443 1282 3502 est
1305 3458 1380 3522 pro·

226 3543 320 3624 fecto,
344 3544 426 3628 quod
449 3545 608 3628 sapientes
623 3545 769 3610 tradunt:
795 3545 902 3610 divina
919 3546 976 3609 hec
991 3531 1151 3628 pdrmittit
1170 3543 1374 3626 providencia

226 3650 265 3713 ad
288 3650 530 3717 instrueeionem
554 3656 704 3716 nostram.

316 3754 409 3819 Libet
431 3757 561 3840 insuper
583 3757 622 3821 ad
645 3756 753 3841 eliqua
774 3760 879 3820 vestra
895 3756 1015 3840 scripta
1038 3755 1136 3821 amice
1152 3751 1377 3839 respondere⁸.

227 3860 400 3944 Inprimis
428 3866 533 3926 autem
560 3883 634 3940 oro,
664 3883 704 3925 ne
737 3861 795 3925 hee
826 3864 861 3924 et
893 3861 1002 3943 priora
1025 3883 1095 3926 mea
1117 3861 1236 3943 scripta
1258 3859 1377 3943 putetis

229 3967 325 4030 fuisse
349 3966 452 4030 iacula
475 3987 659 4051 morsusque
678 3965 789 4030 livoris
804 3970 837 4031 et
859 3970 896 4030 ut
911 3967 1001 4051 quasi
1017 3964 1207 4031 blandiendo
1229 3986 1286 4030 vos
1308 3965 1377 4028 lau·

794 4069 812 4107 1

299 4158 312 4210 l
333 4156 474 4226 Datirung
493 4157 566 4211 nach
584 4156 647 4210 dem
665 4155 705 4210 im
718 4157 778 4210 text
791 4155 955 4210 1111111111
967 4170 1087 4209 recessus
1101 4154 1273 4209 Hartmanni
1290 4173 1308 4208 a
1320 4153 1377 4207 Nu·

228 4245 375 4313 remberga
394 4262 414 4297 s.
434 4244 460 4300 d.
478 4244 610 4314 folgende
628 4261 669 4300 nr.
687 4244 730 4298 36.
802 4244 818 4297 2
837 4241 973 4296 Fruherer
985 4242 1109 4296 entwnrf
1124 4241 1191 4296 ibid.
1211 4243 1229 4297 f.
1249 4243 1299 4296 321
1319 4239 1375 4295 und

228 4333 300 4386 321b.
378 4332 395 4385 3
414 4332 456 4385 lm
474 4330 625 4401 folgenden
644 4330 788 4386 abschnitt
806 4330 845 4384 ist
863 4330 912 4385 der
930 4329 1005 4383 brief
1023 4329 1130 4399 Gregor
1149 4329 1317 4400 Heimbnrgs
1340 4347 1375 4384 an

227 4419 289 4473 loh.
307 4417 362 4472 Rot
379 4418 595 4487 [Joaohimsohm
616 4419 769 4488 Heimburg
788 4417 894 4487 30311]
914 4417 1039 4481 benutzt,
1059 4417 1168 4472 starker
1187 4417 1258 4472 noch
1277 4416 1317 4470 im
1336 4432 1377 4470 er·

228 4508 290 4560 sten
309 4507 432 4574 concept.
469 4505 532 4577 Vgl.
552 4510 640 4563 unten
659 4525 700 4560 nr.
720 4507 762 4564 69.
