3092 5244
776 464 837 527 118

232 660 355 703 omnem
372 641 567 721 peccatorem
591 636 771 702 venientem
794 638 909 724 recipit
924 645 957 704 et
972 640 1149 725 indulget‹,
1176 660 1286 702 verum
1311 639 1384 724 qui-

232 744 392 809 domasse
415 743 580 807 confiteor.
626 740 718 807 Dixit
740 743 850 808 beatus
869 744 1068 829 ¹Jeronimus,
1091 750 1127 810 ut
1150 748 1188 811 de
1211 766 1248 808 eo
1271 744 1387 809 scribit

235 849 345 914 beatus
369 848 533 926 Eusebius,
557 847 697 912 scribens
726 849 764 913 de
787 854 889 915 morte
911 851 1049 917 eiusdem
1075 851 1160 916 beati
1182 849 1340 914 Jeronimi
1355 848 1385 914 ¹:

235 951 430 1038 »Benignior
445 955 493 1015 est
509 952 595 1032 deus,
619 973 713 1036 quam
737 953 885 1033 creditur,
909 959 941 1019 ot
964 956 1135 1043 unicuique
1156 955 1262 1040 parcit
1285 954 1384 1032 adse,

232 1062 269 1122 ut
291 1058 451 1136 condecet,
475 1057 648 1124 redeunti«
689 1054 808 1122 Nonne
825 1059 1069 1144 benignissimus
1082 1065 1130 1126 est
1148 1060 1303 1138 dominus,
1329 1059 1385 1142 qui

233 1168 282 1228 tot
305 1167 337 1227 et
360 1165 467 1227 tantus
491 1161 622 1226 tollerat
641 1161 774 1226 iniurias
794 1184 813 1226 a
836 1164 1064 1246 peccatoribus,
1088 1165 1165 1229 dans
1185 1162 1223 1248 [f.
1241 1161 1321 1248 247]
1339 1162 1387 1226 eis

232 1268 385 1354 temporie
401 1267 552 1352 spacium,
576 1270 612 1330 ut
635 1267 868 1333 emendentur?
886 1319 994 1336 .....
1020 1268 1113 1336 Disce
1135 1268 1247 1354 igitur,
1270 1268 1387 1332 huma·

233 1373 363 1438 nissime
384 1371 504 1451 frater,
539 1371 664 1437 caucius
688 1373 870 1458 negociari,
901 1397 940 1439 ne
974 1380 1050 1440 tunc
1076 1375 1219 1459 penitere
1242 1373 1388 1457 incipias,

235 1479 359 1566 quaudo
390 1499 454 1542 non
478 1477 541 1542 erit
563 1477 760 1561 penitudinis
783 1478 879 1544 locus.
926 1478 1045 1566 Surge,
1076 1480 1131 1565 qui
1155 1479 1289 1554 dormis,
1319 1479 1384 1543 iam

118 1647 119 1653 ,
233 1584 313 1650 hora
335 1587 399 1662 ert,
437 1583 475 1648 de
507 1603 618 1648 somno
641 1603 771 1668 surgere
794 1589 827 1649 et
848 1585 983 1670 vigilare
1005 1606 1101 1669 super
1124 1605 1258 1670 regnum
1281 1587 1387 1662 tuum,

233 1689 333 1752 idest
356 1687 494 1752 animam
523 1692 632 1765 tuam,
666 1710 728 1774 que
751 1690 867 1755 dicitur
890 1712 1034 1773 regnum.
1089 1687 1178 1755 Unde
1207 1689 1387 1753 Bernardue

234 1790 492 1878 supermiseus(?)
515 1798 578 1859 est:
623 1793 725 1858 »Veni
749 1795 874 1860 domiue
897 1795 1007 1875 dhesu,
1031 1794 1120 1859 aufer
1142 1793 1325 1859 scandalum
1349 1794 1390 1858 de

233 1919 332 1984 regno
355 1901 421 1977 tuo,
445 1897 528 1982 quod
561 1903 608 1962 est
632 1901 738 1964 anima
768 1922 853 1980 mea,
885 1906 921 1965 ut
944 1921 1059 1986 regnas
1082 1904 1127 1978 tu,
1151 1899 1207 1984 qui
1230 1899 1325 1963 debes
1348 1899 1384 1962 in

234 2025 271 2068 ea
293 2024 447 2087 regnare«
472 2008 531 2070 etc.
579 2003 626 2070 De
648 2006 710 2070 hoc
733 2003 814 2088 μετ’
836 2004 989 2070 Alvarum
1013 2006 1051 2071 de
1074 2005 1206 2088 planctu
1229 2002 1386 2070 ecclesie³

234 2111 326 2192 parte
348 2107 453 2192 prima
474 2109 611 2175 articulo
635 2111 686 2175 62.

321 2212 402 2292 Scio,
419 2214 502 2298 quod
518 2215 632 2280 sciolus
648 2237 689 2295 es,
705 2217 758 2281 sed
773 2216 930 2280 modicum
948 2213 982 2302 [f.
993 2213 1083 2293 atuh]
1100 2214 1138 2278 de
1155 2213 1280 2278 mistica
1292 2211 1384 2277 theo·

233 2319 320 2404 logia
344 2323 450 2384 tecum
472 2320 510 2384 de
532 2321 626 2386 scolis
649 2321 789 2386 attulisti
814 2305 871 2386 nec
894 2325 984 2386 extra
1007 2319 1213 2406 acquisivisti.
1263 2319 1388 2382 Aurum

235 2430 340 2489 temen
367 2425 538 2508 prudencie
562 2432 594 2491 et
616 2432 786 2510 argeutum
810 2427 994 2514 eloquentie
1018 2423 1142 2509 copio'se
1164 2423 1302 2488 contulit
1325 2423 1388 2487 tibi

236 2531 320 2610 deus,
343 2530 396 2594 sed
419 2529 481 2594 ista
505 2531 669 2617 hueusque
692 2535 725 2597 in
741 2534 900 2598 vanitates
913 2534 991 2598 etin
1009 2532 1147 2596 insanias
1168 2529 1265 2594 falsas
1292 2528 1389 2593 huius

236 2635 334 2701 seculi
351 2635 545 2700 convertisti.
579 2635 694 2701 Verum
708 2659 770 2702 non
788 2639 920 2702 extimes
933 2637 956 2716 ⁴,
980 2643 1012 2702 te
1034 2636 1219 2700 habiturum
1243 2633 1387 2697 divinum

235 2740 384 2824 spiritum
409 2745 441 2804 et
463 2739 553 2804 illam
578 2748 720 2807 sanctam
744 2743 903 2807 misticum
927 2742 1139 2825 theologiam,
1170 2740 1270 2803 donec
1292 2739 1388 2803 draco

236 2843 390 2932 Moysi[s]
423 2847 551 2911 devoret
578 2847 729 2913 dracones
752 2848 935 2927 Pharaonis,
959 2850 1056 2912 donec
1080 2845 1216 2911 sciencia
1242 2843 1397 2909 caritatis

236 2957 368 3016 evacuat
390 2952 559 3016 scienciam
581 2954 748 3032 vanitatis,
779 2959 815 3017 ut
846 2953 931 3018 infra
954 2953 1085 3017 dicetur.
1133 2949 1275 3014 Sciencia
1298 2949 1385 3013 enim

236 3061 292 3120 tua
315 3077 351 3118 ac
374 3055 558 3141 eloquencia
579 3059 671 3123 hodie
704 3061 839 3125 tendunt
868 3065 959 3124 extra
986 3059 1129 3124 semitam
1160 3057 1239 3122 recti
1262 3054 1390 3120 itineris

237 3161 275 3224 ad
307 3163 425 3224 terram
459 3162 590 3226 rubeam
623 3170 655 3228 et
686 3186 794 3229 versus
820 3165 1028 3230 Babiloniam.
1081 3163 1140 3229 Sed
1170 3162 1227 3227 ille
1251 3183 1315 3225 non
1340 3165 1389 3224 est

238 3263 362 3329 debitus
384 3265 456 3328 finis
473 3268 580 3348 studij,
604 3291 675 3334 cum
700 3271 872 3334 secundum
888 3270 1017 3335 doctum
1034 3269 1222 3332 Heinrioum
1247 3268 1286 3331 de
1305 3265 1388 3330 Has·

238 3369 285 3433 sia
306 3391 402 3452 super
424 3372 558 3455 prologo
582 3375 681 3440 biblia
697 3397 790 3440 omne
806 3377 947 3441 studium
960 3375 1133 3440 humanum
1157 3377 1253 3456 atque
1269 3371 1389 3436 sciendi

238 3478 271 3539 at
293 3476 502 3560 cognoscendi
536 3480 722 3545 scrutinium
753 3483 791 3545 ad
822 3481 907 3544 hunc
937 3481 1033 3545 finem
1055 3479 1185 3543 tendere
1207 3477 1319 3556 debet,
1351 3481 1390 3540 ut

238 3582 314 3646 deus
336 3603 408 3645 vere
432 3590 641 3666 cognoscatur
672 3591 704 3650 et
728 3586 867 3669 perfecte
891 3585 1063 3669 diligatur,
1101 3589 1186 3648 reete
1209 3582 1334 3647 colatur
1356 3587 1390 3646 et

238 3688 298 3753 sibi
322 3687 414 3770 plene
426 3689 608 3756 obediatur.
621 3740 642 3755 ..
655 3741 662 3753 .
674 3739 681 3753 .
693 3689 727 3778 [f.
753 3690 886 3776 248]...
913 3691 953 3754 Et
976 3691 1002 3754 si
1025 3691 1165 3754 diceres:
1192 3689 1312 3752 »frater
1336 3687 1389 3766 mi,

239 3797 329 3878 prius
352 3814 426 3858 usus
449 3815 480 3858 es
503 3797 661 3860 coloribus
692 3796 937 3862 rethoricalibus
972 3817 1009 3860 ac
1041 3795 1199 3860 ornaciori
1222 3793 1316 3858 modo
1339 3793 1387 3857 lo·

240 3900 387 3985 quendi‹,
412 3900 481 3964 dico
497 3900 567 3980 tibi,
591 3903 673 3984 quod
691 3902 823 3966 materia
840 3901 902 3964 ista
918 3900 1066 3983 perutilis
1082 3905 1138 3979 est,
1163 3904 1195 3963 et
1210 3920 1273 3963 non
1291 3903 1340 3962 est
1355 3900 1387 3963 in

239 4005 360 4071 ornatis
376 4006 573 4070 sermonibus
595 4005 647 4068 sed
672 4007 704 4069 in
722 4006 848 4070 domino
864 4010 973 4069 nostro
988 4003 1009 4069 J
1012 4004 1089 4069 besu
1104 4002 1231 4069 Christo
1256 4005 1389 4068 medita-

239 4111 329 4176 cione
362 4111 579 4175 insistendum.
626 4109 675 4174 Ad
709 4113 791 4196 quod
824 4111 922 4176 eciam
945 4111 977 4174 in
1001 4111 1207 4197 sequentibus
1232 4108 1388 4174 Jeronimi

805 4264 822 4302 d

312 4357 322 4407 l
344 4351 484 4417 Eusebius,
504 4352 573 4407 Vita
584 4353 734 4410 Hierouimi
754 4354 798 4410 bei
817 4354 919 4424 Migue,
938 4353 1104 4422 Patrologia
1121 4353 1215 4408 latinu
1229 4353 1315 4418 XXII,
1329 4354 1388 4410 253.

239 4442 255 4492 2
274 4441 381 4510 quere?
461 4444 477 4496 3
496 4439 726 4510 AlvaraPelayo
746 4441 801 4498 viel
816 4440 959 4512 geleseuer
977 4439 1257 4508 kirchenpolitisoher
1275 4440 1387 4496 schrift·

239 4527 342 4590 stellet,
361 4526 443 4582 sehon
467 4530 530 4581 1474
552 4526 698 4597 gedruekt.
770 4530 840 4582 4:
858 4527 998 4583 existimes
1018 4545 1038 4580 s.
1058 4525 1247 4590 Dieffenbach,
1267 4526 1387 4584 Glossar.
