3106 5252
816 479 858 545 42

262 651 292 714 in
328 672 421 714 eausa
455 651 656 716 beneficiaria
679 653 862 719 collacionis
890 660 946 719 aut
975 652 1119 736 beneficij
1156 642 1412 734 promocionibus

261 759 314 819 tue
337 755 563 833 humanitatis,
592 777 653 839 que
676 759 796 824 nemini
819 759 988 837 deficiunt,
1013 756 1196 844 [adiuveren
1220 755 1304 819 unde
1326 749 1411 814 filius

261 860 404 943 paternis
426 862 570 944 expensis
594 864 672 928 satis
695 866 845 949 gravibus
869 887 969 950 usque
993 864 1084 928 modo
1101 861 1241 945 erogatis
1257 859 1405 938 deinceps

262 987 391 1048 parcere
413 973 528 1048 posset.
574 967 629 1032 Set
660 971 797 1053 quidde
821 975 852 1035 te
876 970 994 1048 dicem,
1027 965 1267 1054 melli[ti]ssime
1290 963 1411 1047 pater?

261 1069 328 1135 Titi
351 1072 552 1154 imperatoris
575 1075 746 1140 clemencia
768 1081 800 1140 te
817 1075 977 1159 preditum
997 1073 1208 1149 inveniebam,
1233 1071 1289 1155 qui
1305 1066 1407 1132 omni·

262 1178 320 1242 bus
342 1177 490 1259 prodesse
512 1178 679 1260 cupiebat,
710 1179 855 1262 nullique
878 1200 989 1244 nocere
1018 1178 1173 1243 studebat.
1220 1175 1281 1254 Ita,
1304 1175 1409 1256 pater,

260 1283 306 1346 ita
329 1286 384 1346 tua
408 1283 508 1365 pietas
531 1285 763 1350 modestissima
786 1291 851 1350 tarn
875 1287 1033 1369 prompta,
1067 1280 1256 1347 exaudibilis
1294 1279 1332 1342 ad
1355 1297 1411 1361 pa-

263 1388 394 1452 rendum
418 1385 772 1473 benivolentissimaque
789 1388 1021 1466 inveniebatur,
1045 1392 1077 1452 et
1100 1386 1186 1450 illico
1211 1383 1311 1448 filium
1337 1387 1403 1446 tae·

262 1498 328 1556 turn
354 1492 387 1556 in
411 1492 553 1582 rotulum
576 1495 883 1579 consanguineorum
905 1500 1035 1560 tuorum
1060 1489 1354 1556 connumerandum
1378 1489 1410 1548 et

263 1597 498 1662 asscribendum
530 1619 687 1664 assumere
717 1601 925 1685 respondisti,
953 1601 1058 1684 prima
1091 1598 1196 1662 fronte
1219 1594 1411 1681 propriaque

265 1705 378 1784 sponte
413 1700 487 1767 ullis
520 1703 598 1768 meis
633 1726 690 1769 nec
719 1705 795 1770 filiis
829 1705 953 1770 meritis
986 1701 1264 1769 intercedentibus.
1325 1698 1413 1762 More

264 1805 447 1885 Alexandri,
462 1807 704 1874 clementissime
715 1814 817 1892 pater,
841 1809 976 1895 gessisti,
992 1808 1031 1874 de
1047 1829 1110 1893 quo
1122 1805 1269 1872 Valerius
1286 1807 1404 1882 narrat,

266 1909 405 1994 qualiter
427 1912 459 1976 in
482 1933 539 1977 suo
562 1914 704 1980 exercitu
726 1915 861 1980 militem
884 1915 1015 1999 frigoris
1045 1916 1235 1997 tempestate
1257 1909 1413 1976 afflictum

267 2015 328 2080 sibi
351 2017 556 2100 compassus¹
581 2020 718 2102 propriis
735 2020 880 2085 manibus
900 2020 1033 2104 accepit,
1056 2018 1168 2083 desua
1190 2016 1262 2082 sede
1284 2011 1413 2079 sublimi

263 2121 452 2186 descendens
475 2126 525 2187 etc
526 2173 816 2192 ..............
848 2125 978 2190 Gracias
1000 2125 1103 2209 igitur
1126 2124 1226 2188 habeo
1259 2119 1413 2186 excellen-

265 2225 386 2290 tissime
410 2226 616 2293 beneficentie
638 2231 693 2292 tue
716 2251 808 2312 quam
826 2227 1005 2294 maximas'
1028 2249 1155 2313 possum
1179 2248 1237 2311 pro
1261 2224 1360 2290 tantis
1383 2226 1415 2286 et

265 2331 550 2397 innumerabilibus
589 2333 765 2416 benefieijs,
801 2355 857 2398 nec
885 2334 1043 2398 incassum
1065 2334 1149 2398 circa
1170 2331 1273 2396 filium
1297 2335 1330 2394 te
1352 2329 1415 2393 ista

264 2457 409 2501 concessa
431 2437 570 2515 dubites,
603 2439 752 2523 quoniam
776 2440 808 2502 in
832 2440 921 2505 brevi
945 2444 981 2504 ut
1003 2459 1096 2522 spero
1119 2439 1152 2502 in
1183 2437 1336 2501 facultate
1360 2455 1409 2498 re·

265 2541 364 2606 torice
386 2540 518 2627 iureque
540 2540 626 2607 civili
648 2543 694 2606 ita
709 2543 859 2623 studebit,
882 2544 1103 2630 utaliquando
1126 2565 1189 2608 non
1210 2542 1294 2606 nuda
1317 2540 1413 2604 verba

266 2649 444 2732 paternitas
466 2653 523 2714 tua
545 2672 563 2714 a
585 2653 642 2714 tuo
665 2651 818 2715 servitore
842 2651 992 2736 colligere
1013 2650 1123 2734 possit.

351 2752 423 2819 Huc
446 2755 576 2835 accedit,
605 2756 687 2839 quod
711 2777 729 2819 a
752 2756 911 2840 principio
933 2756 1033 2836 movi,
1066 2754 1149 2840 quod
1172 2775 1236 2817 non
1260 2750 1352 2816 modo
1375 2750 1414 2813 ad

267 2859 465 2924 scribendum
491 2882 540 2925 me
565 2865 690 2925 tautum
715 2861 918 2944 provocavit,
950 2861 1003 2924 sed
1027 2859 1157 2944 impulit
1181 2862 1213 2922 et
1237 2855 1356 2938 coegit,
1380 2860 1419 2918 ut

266 2971 309 3044 te,
325 2970 417 3048 pater
432 2965 624 3043 suavissime,
641 2965 1158 3049 amoneremsciolumqueborum,
1175 2985 1236 3047 que
1251 2960 1419 3037 audierim,

266 3069 411 3135 facerem.
461 3068 544 3135 Nara
569 3069 671 3134 relatu
694 3070 924 3154 fidedignorum
957 3069 1071 3149 didici,
1102 3068 1335 3134 sanctissimum
1360 3086 1417 3128 no-

268 3176 612 3260 strumsuplioaciones
635 3175 850 3240 beneficiarius
865 3176 1030 3241 admisisse
1054 3178 1199 3260 proximo
1222 3175 1285 3238 iam
1309 3171 1419 3252 elapso

267 3297 373 3342 mense
389 3278 581 3344 Decembris.
628 3277 765 3344 Obsecro
781 3280 883 3363 igitur
899 3280 1087 3360 humillime,
1103 3286 1195 3363 pater
1210 3276 1419 3361 amplissime,

268 3388 393 3468 tempus
416 3385 556 3449 debitum
580 3384 832 3470 conveniensque
855 3386 961 3450 adesse
995 3383 1047 3472 [si]
1078 3405 1264 3469 persuasum
1286 3383 1348 3447 tibi
1371 3381 1419 3443 vi·

268 3489 405 3570 debitur,
432 3511 554 3555 mernor
577 3491 633 3576 filij
659 3492 712 3554 sis.
736 3528 780 3538 --
803 3490 871 3554 Heo
894 3513 971 3577 ego,
994 3490 1197 3556 celeberrime
1221 3489 1263 3552 nri
1287 3507 1419 3572 precep·
1546 3537 1547 3558 .

268 3598 339 3675 tor,
370 3597 464 3679 tetigi
499 3617 562 3662 non
594 3602 629 3662 ut
663 3602 695 3661 te
719 3597 1018 3662 commonefacerem
1043 3601 1099 3660 aut
1121 3594 1309 3677 dirigerem,
1342 3591 1419 3675 quid

269 3705 421 3783 quantum
438 3707 493 3767 aut
510 3704 664 3787 quomodo
680 3703 736 3767 abs
753 3707 785 3767 te
800 3703 870 3766 fieri
886 3705 1041 3786 oporteat.
1088 3700 1193 3779 Absit,
1213 3719 1275 3762 non
1291 3701 1418 3762 tantum

269 3805 359 3883 mihi,
383 3807 438 3890 qui
461 3829 553 3872 cecus
576 3808 691 3873 horum
713 3813 745 3871 et
768 3807 899 3890 ignarus
921 3827 1007 3886 sum,
1031 3825 1161 3888 arrogo,
1185 3809 1234 3868 set
1255 3808 1420 3886 tamquam

269 3931 350 3974 unus
373 3911 409 3974 de
433 3913 528 3977 turba
562 3917 615 3976 tue
638 3912 901 3978 excellentissime
924 3910 1123 3998 maiestatds]
1155 3910 1216 3974 hoc
1244 3930 1294 3972 nie
1317 3912 1422 3971 tecum

270 4014 452 4082 disseruisse
485 4016 681 4082 existimabis
727 4017 906 4102 amorisque
950 4017 1171 4081 habundancia
1214 4018 1320 4078 tacere
1357 4032 1422 4077 non

269 4122 419 4202 potuisse.

359 4225 513 4309 Denique,
545 4226 646 4290 maior
668 4214 899 4306 affabilissima,
934 4250 974 4292 ne
997 4225 1177 4308 dedigneris
1201 4225 1312 4302 velim,
1337 4223 1420 4306 quod

269 4331 477 4416 singulariter
500 4331 557 4394 sini
582 4338 614 4395 te
635 4331 802 4398 allocutus.
849 4331 945 4398 Pater
971 4331 1095 4397 celestis
1118 4331 1164 4394 ita
1179 4330 1240 4392 sibi
1257 4327 1346 4392 affari
1365 4351 1423 4393 nos

342 4560 354 4610 l
377 4558 436 4613 cod.
456 4573 637 4627 compassum.
708 4560 724 4612 2
743 4559 800 4614 cod.
820 4556 955 4613 maximis.
