3106 5252
707 480 749 544 89

152 656 293 721 tualibus
315 656 426 722 vicarii
440 656 461 736 ¹,
485 678 544 740 pro
560 676 644 720 nunc
667 654 699 718 in
717 654 829 720 balneo
845 655 983 719 naturali
1001 655 1172 721 existentes
1185 654 1207 734 '‚
1230 656 1300 720 feu-

152 765 237 826 tores
259 761 321 826 mei
345 766 377 826 et
399 765 602 846 preceptores
623 759 767 844 precipui
790 759 854 843 hijs
875 760 986 827 diebus
1014 761 1143 846 scriptis
1165 762 1230 826 suis
1251 762 1301 826 in·

151 866 364 952 stigeverunt
387 870 424 931 ut
446 867 523 950 ipsis
546 864 787 931 advenientibus
804 886 856 930 eos
871 865 1039 931 cerciorari
1071 868 1200 952 possim,
1224 867 1301 952 quid

152 992 210 1055 per
232 971 394 1055 principes
415 975 522 1036 actum
545 971 588 1034 sit
603 968 832 1053 Nuremberge.
880 969 907 1034 A
932 969 1057 1034 nemine
1081 991 1176 1047 vero,
1199 971 1260 1035 nisi
1283 992 1302 1035 a

151 1099 184 1160 p.
199 1100 228 1140 v.
252 1076 419 1142 cerciorari
452 1076 562 1155 credo,
586 1094 701 1160 rogans
723 1077 761 1138 ut
782 1073 912 1158 scriptis
933 1075 1046 1139 vestris
1069 1075 1149 1140 mihi
1174 1075 1298 1160 signifi·

147 1201 221 1246 cere
244 1203 307 1246 non
330 1181 448 1266 pigeat.
495 1178 609 1266 Agetis
637 1179 670 1244 in
699 1177 761 1262 hijs
784 1178 899 1243 nedum
930 1177 1010 1243 mihi
1038 1184 1089 1244 set
1111 1185 1144 1245 el
1168 1179 1301 1264 prefatis

147 1287 285 1352 dominis
310 1290 342 1351 et
365 1287 607 1370 preceptoribus
639 1285 717 1350 meis
752 1306 817 1348 rem
843 1285 1067 1368 gratissimam.
1115 1284 1302 1352 Percrebuit

150 1390 204 1456 hie
226 1396 306 1474 aput
321 1411 379 1456 nos
402 1389 498 1469 fame,
523 1390 685 1456 domiuum
702 1388 870 1455 Senensem
883 1389 1018 1454 electum
1034 1411 1099 1455 esse
1122 1390 1156 1453 in
1174 1411 1300 1474 papam,

147 1496 205 1581 qui
227 1517 260 1560 se
286 1495 389 1561 soceri
405 1495 506 1562 voluit
522 1495 616 1560 Pium
630 1495 811 1560 secundum.
843 1493 1045 1586 Paucissimis
1061 1499 1165 1560 tamen
1185 1494 1300 1579 placet,

147 1601 300 1686 quoniam
323 1621 356 1664 se
379 1621 449 1664 cum
475 1602 666 1685 imperatore
686 1597 875 1684 intelligiti.
920 1599 1030 1676 Qualis
1046 1600 1101 1664 ille
1116 1600 1169 1680 sit,
1193 1600 1300 1665 nostis.

622 1805 829 1814 *ω*-

696 1947 754 2022 17.

146 2092 343 2165 Hermann
372 2091 527 2166 schedel
557 2115 605 2162 an
634 2091 850 2164 Hartmann
879 2087 1044 2162 schedel.
1102 2088 1300 2182 Augsburg

525 2214 622 2286 1458
643 2216 855 2309 september
873 2213 931 2285 16.

396 2367 457 2423 clm.
478 2367 530 2422 418
550 2367 571 2421 1.
590 2364 667 2424 8598.
696 2368 841 2423 sessuris
861 2367 1041 2421 Hertmenns.

146 2492 434 2578 Ermahuung‚
457 2493 680 2578 miiglichst
703 2494 792 2558 bald
817 2493 911 2558 nach
928 2489 1077 2556 Italien
1094 2512 1140 2554 zu
1157 2491 1297 2575 geheu.

145 2598 278 2662 tadel
317 2599 394 2662 der
436 2599 661 2665 dielektik.
728 2598 1001 2684 Empfehlung
1037 2596 1142 2660 eines
1177 2596 1298 2682 Auge·

201 2703 401 2788 burgers.
446 2701 710 2788 Erwiihnung
733 2704 802 2768 des
824 2704 998 2768 bruders
1023 2699 1241 2768 lohannes.

239 2841 379 2908 Caritate
402 2843 558 2926 singulari
582 2843 744 2925 premisse.
793 2842 902 2907 Amice
923 2845 1147 2922 amantissime,
1171 2845 1204 2910 in
1228 2844 1298 2910 lon-

146 2948 200 3032 gis
222 2947 284 3010 iem
310 2949 476 3013 retroactis
497 2949 695 3032 temporibus
724 2969 810 3012 meas
842 2949 881 3012 ed
905 2952 937 3013 te
959 2970 1165 3033 sepenumero
1189 2949 1298 3017 literas

143 3053 228 3130 dedi,
252 3075 314 3138 que
330 3075 427 3138 quare
443 3053 679 3138 responsionem
695 3059 860 3120 consecute
881 3061 1043 3136 nunaunt,
1067 3057 1167 3122 miror
1183 3080 1295 3142 quam-

145 3158 335 3242 plurimum.
382 3158 514 3243 Percepi
528 3163 561 3224 te
581 3161 686 3243 sepius
709 3160 819 3225 literas
838 3164 954 3243 patruo
969 3167 1078 3227 nostro
1094 3161 1163 3228 N.‘
1188 3184 1299 3248 quam·

145 3264 257 3348 plures
281 3265 410 3331 misisse.
456 3263 630 3350 Nunquam
646 3265 786 3349 aliquam
811 3265 890 3330 mihi
913 3270 980 3332 ato
1002 3267 1129 3332 missam
1153 3267 1299 3332 intellexi

145 3376 179 3436 et
203 3372 287 3453 quod
311 3372 384 3455 plus
407 3376 469 3449 est,
499 3392 556 3436 neo
578 3371 640 3436 mei
663 3371 858 3437 mencionem
883 3373 917 3437 in
940 3372 1056 3438 eisdem
1079 3372 1191 3438 fecisse
1202 3423 1298 3440 .....

145 3475 277 3561 Ignoro,
301 3476 416 3560 quibus
439 3476 566 3540 insudas
589 3480 645 3540 aut
668 3476 783 3560 quibus
806 3476 929 3541 artibus
952 3477 1075 3541 deditus
1099 3499 1130 3542 es
1153 3483 1210 3542 aut
1235 3501 1297 3563 qua

146 3581 302 3646 facultate
332 3581 457 3666 fulgeas
487 3585 519 3644 et
542 3581 625 3664 quod
648 3580 721 3664 plus
744 3587 809 3662 est,
844 3603 883 3645 an
913 3584 946 3645 te
970 3581 1002 3645 in
1027 3581 1174 3646 humenis
1196 3583 1299 3650 adbuc

714 3722 732 3760 ’l‘

224 3846 235 3897 1
258 3843 425 3899 Domkustos
438 3842 691 3898 unddomdechunt
709 3859 742 3896 zu
753 3843 904 3914 Augsburg
916 3859 936 3896 s.
951 3841 1074 3912 Steugel,
1095 3841 1297 3899 commentarii

145 3948 198 3986 rer.
219 3932 291 4000 Aug.
306 3929 388 3984 vinu.
405 3931 439 3983 38
458 3928 516 3984 und
534 3927 806 3985 steen-chroniken
834 3929 864 3992 V,
883 3929 944 3983 418.
981 3928 1064 3984 Reide
1088 3929 1151 3984 sind
1179 3931 1250 3985 euch
1268 3932 1298 3985 in

146 4017 210 4072 dem
235 4017 321 4072 briefe
347 4017 517 4072 Blumenaus
547 4035 585 4072 cn
612 4016 728 4073 Schedel
758 4017 821 4072 1461
851 4018 912 4088 jan.
943 4018 972 4072 ll
998 4018 1097 4088 [unten
1124 4035 1166 4074 nr.
1183 4018 1229 4089 39]
1253 4019 1297 4074 als

147 4103 266 4160 freunde
284 4103 414 4159 Schedels
445 4107 589 4174 genannt3
610 4105 666 4174 vgl.
679 4103 869 4159 Wettenbach
887 4105 905 4160 i.
924 4104 952 4159 d.
964 4105 1149 4174 forschungen
1161 4104 1209 4169 XI,
1234 4105 1298 4162 353.

147 4191 200 4246 Ein
220 4193 344 4263 regimen
363 4193 408 4246 fiir
429 4192 474 4248 die
491 4191 618 4248 bedebur
640 4193 748 4247 Gessels
767 4192 844 4246 steht
861 4191 890 4246 iu
910 4209 1007 4246 unsrer
1027 4190 1205 4246 handschrift
1223 4193 1242 4248 f.
1256 4193 1298 4248 57.

148 4279 273 4335 Na'heres
292 4281 360 4336 tiber
378 4281 429 4334 ihn
449 4299 491 4336 nr.
506 4281 549 4336 59.
590 4280 648 4336 l'on
662 4279 784 4334 Keutsch
798 4282 864 4350 sugt
875 4279 1016 4335 lohannes
1030 4279 1123 4334 Frank
1136 4277 1299 4350 [Steicheles

148 4368 249 4423 Archiv
268 4369 289 4422 1.
314 4367 347 4422 G.
365 4369 392 4424 d.
413 4367 536 4424 Bistums
556 4368 707 4438 Augsburg
725 4367 759 4428 11,
778 4367 824 4436 81]
854 4367 897 4421 bei
920 4366 1098 4436 gelegenheit
1117 4366 1190 4421 eines
1209 4367 1298 4421 altar·

147 4455 266 4510 austeus
284 4457 315 4511 in
333 4456 383 4511 der
394 4455 556 4512 domlrirche
573 4457 656 4510 1447:
677 4471 722 4509 »er
737 4457 831 4524 pauet
844 4454 915 4508 auch
934 4455 1013 4506 sunst
1032 4452 1072 4506 vil
1083 4470 1191 4525 grosser
1209 4470 1298 4524 pewe.

149 4543 166 4599 2
185 4545 242 4598 eod.
262 4543 453 4600 existentibus.
533 4542 632 4616 3Vg1.
654 4542 746 4612 Voigt,
766 4542 843 4599 linea
861 4539 947 4598 Silvia
966 4540 1015 4606 111,
1034 4541 1076 4598 38.
1161 4542 1176 4594 4
1197 4541 1297 4598 Marco.
