3106 5246
782 455 845 522 154

236 635 327 720 gitur
358 632 538 716 eligendum
563 632 606 696 sit
629 631 689 697 hac
712 633 745 696 in
779 655 833 711 re,
865 634 1030 698 audiamus
1053 629 1183 696 Petrum
1211 629 1394 698 Blesensem

237 739 375 823 epistola
398 738 570 804 trecesimo
592 738 693 803 tercia
714 739 891 805 dicentem:
917 736 1102 803 »Uberioris
1117 735 1223 821 gracie
1239 738 1287 798 eet
1305 733 1394 798 inter

236 843 393 909 seculares
417 865 482 908 esse
507 844 704 928 religiosum,
726 844 811 908 inter
834 845 951 929 impios
981 865 1047 908 esse
1070 843 1207 906 iustum<
1227 887 1392 906 .......

325 948 459 1015 Demnm
482 949 560 1015 dicis
583 954 757 1033 postremo:
802 948 867 1014 »Ut
890 949 940 1013 his
963 948 1091 1014 invictis
1115 946 1209 1012 malis
1231 945 1393 1024 resistere,

235 1057 372 1121 virtutes
388 1056 501 1133 colere,
522 1057 774 1140 religionemque
789 1058 932 1118 sanctam
957 1052 1102 1119 venerari
1117 1051 1289 1128 valeamus,
1305 1069 1394 1114 mor-

236 1166 299 1226 tenr
325 1162 436 1245 ipsam,
460 1183 524 1246 que
546 1161 621 1225 finis
641 1161 784 1225 omnium
808 1159 967 1223 malorum
987 1158 1107 1234 existit,
1130 1159 1211 1220 teste
1234 1152 1393 1238 apostolo,

235 1267 421 1351 frequenter
443 1266 591 1332 meditari
614 1287 740 1346 censeo,
773 1286 834 1350 que
857 1285 930 1330 cum
953 1263 1039 1328 inter
1063 1261 1205 1330 timenda
1225 1259 1393 1342 principa-

234 1374 303 1435 tum
328 1371 498 1455 possideat,
525 1372 627 1455 ipsius
649 1370 871 1455 compendiosa
895 1367 1074 1434 recordatio
1097 1387 1160 1431 non
1181 1364 1311 1441 sufficit,
1334 1364 1393 1428 sed

235 1477 320 1542 circa
343 1475 447 1559 ipsam
474 1475 600 1541 diucius
623 1476 787 1541 immorari
810 1479 940 1559 oportet
955 1481 1035 1538 etc«
1082 1471 1265 1536 Hermanno
1288 1470 1395 1534 trater

235 1581 300 1658 mi,
332 1582 410 1644 satis
441 1582 555 1645 surdus
586 1586 649 1662 eat,
679 1582 735 1666 qui
765 1583 803 1646 ad
836 1579 1117 1646 comminacionem
1147 1575 1229 1640 tanti
1252 1574 1394 1640 tonitrui

236 1707 298 1751 non
323 1687 425 1752 timet.
485 1687 551 1753 Hoc
575 1695 631 1752 tua
654 1692 765 1752 sancta
785 1688 905 1770 scripta
933 1691 966 1750 et
988 1684 1051 1748 alia
1073 1682 1166 1766 plura
1188 1682 1300 1744 assunt
1322 1700 1391 1742 me·

236 1792 345 1856 morie.
377 1791 472 1857 Petra
488 1793 551 1857 iam
565 1793 647 1858 texit
662 1792 777 1858 fossam
795 1797 838 1871 et,
855 1796 891 1856 ut
906 1794 1025 1855 terram
1042 1793 1128 1852 terre
1141 1785 1395 1867 commendatltt,

234 1897 413 1962 cumulator
435 1897 558 1981 accepit
572 1898 756 1962 mercedem.
803 1893 1055 1968 Testamentum,
1079 1891 1332 1956 anniversarium
1355 1893 1392 1952 et

234 2003 340 2065 omnia
371 2007 486 2086 parata
528 2007 612 2067 sunt.
658 2000 761 2066 Volvo
785 2005 817 2066 et
839 2000 966 2066 revolvo
997 1999 1109 2064 crebro
1133 2018 1201 2062 meo
1224 1997 1257 2060 in
1283 1995 1393 2060 animo

236 2106 299 2169 tria
315 2107 479 2189 preterita,
504 2106 650 2172 videlicet
666 2106 823 2172 malorum
840 2104 1104 2181 commissionem,
1122 2103 1275 2168 bonorum
1292 2101 1394 2166 omis·

235 2210 357 2274 aionem
391 2214 424 2275 et
454 2213 606 2296 temporis
629 2212 848 2291 mistionem,
883 2211 948 2275 tria
970 2209 1149 2294 presencia,
1174 2207 1295 2274 scilicet
1325 2207 1395 2272 vite

236 2315 435 2395 brevitatem,
467 2317 608 2382 salvandi
626 2316 849 2382 difficultatem
865 2321 898 2381 et
913 2315 1088 2380 electorum
1102 2313 1306 2398 paucitatem,
1326 2312 1396 2377 tria

235 2419 344 2484 futura
359 2424 396 2484 ut
412 2426 557 2499 mortem,
571 2443 634 2505 qua
644 2422 742 2486 nichil
752 2421 939 2495 terribilius,
949 2420 1112 2497 iudicium,
1124 2439 1188 2504 quo
1198 2417 1297 2482 nichil
1314 2417 1395 2481 hor·

236 2524 371 2604 ribilius,
383 2529 415 2590 at
426 2527 620 2609 supplicium
629 2528 869 2611 sempiternum,
882 2547 944 2610 quo
954 2525 1053 2590 nichil
1063 2522 1321 2589 intollerabilios.
1334 2521 1394 2586 In-

235 2634 326 2694 tueor
334 2652 384 2694 me
394 2630 427 2694 in
436 2653 567 2714 vespera
575 2631 642 2698 vite
652 2633 861 2697 constitutum
874 2636 915 2712 et,
927 2630 1009 2716 qnod
1022 2628 1101 2693 mihi
1114 2630 1178 2694 cito
1190 2628 1271 2693 mori
1280 2632 1395 2707 restat,

234 2756 297 2799 non
318 2732 354 2822 [f.
364 2734 443 2818 275]
458 2737 583 2819 ignoro,
604 2759 674 2802 cum
691 2758 799 2801 omnes
815 2736 1009 2800 morimur..
1022 2783 1046 2800 ..
1061 2732 1100 2821 [f.
1113 2732 1205 2816 275¹]
1219 2783 1226 2799 .
1238 2783 1264 2798 ..
1286 2730 1393 2819 [Sed],

235 2839 698 2924 magisterHermanne,timeo,
707 2841 790 2926 qnod
801 2842 828 2906 is
839 2863 902 2906 non
912 2841 1088 2907 merebitur
1097 2840 1395 2906 divioamobtinere

235 2945 481 3030 indulgenciam,
499 2949 553 3031 qui
566 2947 668 3010 solum
679 2948 796 3030 accipit
807 2947 1027 3030 penitentiam,
1040 2967 1108 3010 cnm
1120 2965 1153 3010 se
1170 2945 1307 3029 amplius
1326 2966 1394 3010 non

235 3071 326 3133 posse
341 3052 447 3115 vivere
463 3053 574 3130 cernit,
593 3075 687 3137 quam
704 3074 767 3118 non
790 3052 958 3136 acciperet,
970 3051 998 3116 si
1012 3050 1114 3116 adhuc
1130 3072 1163 3115 ae
1179 3071 1269 3134 posse
1284 3051 1393 3114 sanari

235 3157 376 3220 crederet
393 3205 572 3222 ........
590 3157 636 3221 De
659 3157 719 3222 hoo
741 3157 837 3242 longa
860 3157 988 3242 lateque
1001 3155 1036 3220 in
1051 3154 1156 3239 prima
1171 3154 1297 3220 exaravi
1322 3155 1393 3238 epi·

234 3261 325 3325 stola.
380 3261 580 3327 Anthiochus
597 3284 659 3328 non
678 3268 725 3327 est
740 3263 989 3329 misericordiam
1005 3266 1201 3340 consecutus,
1225 3259 1300 3345 quia
1316 3281 1392 3324 cum

235 3367 520 3451 consuetudinariis
543 3369 762 3452 peccatoribus
785 3390 848 3434 non
865 3390 938 3433 vere
953 3365 1103 3452 penituit.
1159 3363 1284 3444 Fateor,
1305 3366 1392 3448 quod

234 3472 410 3536 misericors
432 3476 480 3536 est
510 3473 673 3553 dominus,
702 3474 756 3539 sed
779 3473 854 3554 scio,
878 3473 961 3559 quod
989 3472 1071 3537 sicut
1094 3471 1252 3556 benignus
1286 3474 1335 3534 est
1356 3469 1392 3534 in

235 3576 424 3656 tollerando,
449 3577 496 3642 ita
518 3579 621 3642 iustus
644 3583 692 3644 est
715 3579 749 3643 iu
772 3579 943 3662 puniendo.
990 3577 1042 3643 Ita
1058 3576 1144 3642 enim
1167 3576 1394 3660 impertitura

234 3681 292 3746 deo
315 3680 450 3764 largitas
472 3683 695 3762 misericordie,
719 3690 756 3748 ut
776 3707 839 3750 non
856 3684 1059 3769 relinquatur
1074 3682 1200 3748 iusticia
1221 3681 1393 3766 discipline

234 3823 276 3834 -
293 3787 332 3852 de
347 3787 538 3871 penitencia,
560 3789 767 3855 distinccione
782 3791 895 3874 prima,
912 3811 979 3874 cap.
997 3788 1140 3872 perfecta
1151 3788 1172 3851 ¹.
1197 3786 1393 3868 Hermanno,

234 3895 271 3957 ad
296 3897 362 3956 tarn
386 3913 535 3977 magnum
564 3895 760 3973 tonitruum,
794 3895 849 3978 qui
871 3917 934 3960 non
959 3893 1211 3978 expergiscitur,
1246 3893 1304 3958 ille
1327 3915 1392 3959 non

234 3999 362 4076 dormit,
385 3998 438 4062 sed
462 4003 606 4063 mortuus
630 4002 678 4063 est
694 4049 701 4063 .
717 4048 724 4062 .
739 4048 745 4064 .
758 4049 766 4064 .
778 4049 806 4065 ..
822 4048 828 4064 .
856 3999 893 4084 [f.
915 3996 995 4084 276]
1009 4049 1014 4061 .
1027 4047 1050 4063 ..
1066 3995 1190 4062 Ultinro
1213 3997 1392 4065 concludis:

236 4103 406 4182 »Obsecro,
430 4125 470 4168 ne
493 4125 543 4167 me
560 4102 635 4168 licet
654 4105 781 4188 magnis
803 4104 974 4170 distantem
997 4102 1155 4168 tractibus
1178 4102 1313 4183 deseras,
1336 4104 1391 4168 sed

233 4208 432 4273 orationibus
465 4208 530 4273 tuis
561 4209 683 4274 devotis
716 4231 793 4294 erga
825 4211 918 4276 deum
950 4210 1241 4276 recommendatum
1274 4210 1391 4276 habeas

232 4314 349 4379 obnixe
370 4333 450 4398 rogo
473 4319 553 4381 etc«
600 4315 686 4380 Bene
709 4336 858 4400 rogares,
890 4317 917 4381 si
941 4316 1069 4382 iusticia
1090 4315 1215 4380 adesset
1235 4316 1389 4395 subiecto,

305 4540 318 4593 1
338 4538 403 4608 Vgl.
422 4539 493 4595 oben
512 4559 543 4611 p.
559 4542 632 4596 120¹.
801 4467 819 4508 *
