3092 5244
670 453 729 520 121

14 649 15 688 ι
129 632 196 696 ideo
220 631 304 696 varie
327 631 428 717 diligo
452 636 484 697 er
507 631 692 697 commendo
715 631 900 716 religionem
930 630 1078 696 mundam
1105 635 1137 696 st
1163 632 1275 697 immass

128 736 263 802 culatam
286 739 319 801 in
343 735 446 802 alisna
470 739 575 802 tamen
599 757 742 820 persona.
791 736 941 802 Retrahit
964 736 1004 801 ab
1031 736 1180 822 ingressu
1203 737 1276 802 reli·

129 843 230 928 giouis
255 843 419 927 inexperte
442 843 507 907 vite
535 843 700 926 asperitas,
722 843 813 927 rigor
835 842 972 922 ordinis,
1008 842 1058 907 lex
1083 843 1274 920 obediencie,

128 948 303 1014 solitudinis
326 954 430 1013 terror
454 953 485 1012 et
509 969 566 1032 prs
590 947 737 1014 omnibus
760 948 930 1014 austeritas
955 946 1133 1030 discipline.
1172 945 1277 1011 Grave

128 1053 236 1138 utique
252 1059 309 1132 est,
325 1053 431 1119 alieno
446 1052 581 1118 arbitrio
603 1073 692 1118 suam
705 1053 848 1120 subicere
862 1051 1059 1118 voluntatem
1074 1102 1081 1116 .
1098 1102 1105 1116 .
1123 1100 1130 1115 .
1145 1048 1180 1138 [f.
1191 1051 1274 1138 252]

14 1187 15 1230 ς
131 1155 232 1223 Venor
255 1159 404 1244 angustia
426 1161 459 1222 et
481 1158 606 1224 crucior
630 1158 791 1224 doloribus
813 1158 900 1223 intus
924 1163 956 1224 et
979 1162 1086 1235 extra,
1116 1162 1148 1221 et
1171 1156 1273 1221 factus

14 1259 15 1262 ’
129 1283 194 1327 sum
217 1264 346 1346 penitus
369 1263 533 1348 inquietus
549 1267 581 1328 et
602 1284 666 1328 non
688 1266 816 1346 appeto,
839 1263 962 1329 lumina
978 1262 1123 1328 claudere
1146 1262 1178 1326 in
1203 1263 1276 1328 dor·

14 1409 15 1434 ι
128 1366 270 1434 micionis
293 1373 444 1434 consueta
468 1369 588 1454 requie,
620 1373 652 1434 et
674 1373 710 1434 ut
740 1369 844 1434 verbis
866 1368 929 1435 Job
958 1390 983 1434 c.
1012 1368 1065 1434 vii.
1096 1372 1183 1432 utar:
1224 1367 1277 1434 »si

127 1474 290 1555 dormiero,
313 1475 392 1554 dico,
416 1495 580 1559 resurgam
603 1480 636 1540 et
660 1495 768 1540 rursus
792 1475 965 1559 expectabo
990 1495 1150 1557 vesperas,
1174 1472 1276 1556 reple-

14 1647 15 1658 ,
129 1578 243 1664 borqne
267 1579 429 1646 doloribus
461 1600 560 1666 usque
588 1580 627 1644 ad
651 1581 830 1645 tenebras«
886 1579 984 1645 Adest
1015 1578 1205 1644 venerabilis
1228 1599 1276 1641 se·

14 1681 15 1700 ¹
129 1689 233 1750 nectus
256 1690 292 1750 et
314 1684 394 1750 bora
419 1690 466 1750 est
482 1685 556 1764 iam,
578 1708 629 1750 me
652 1686 689 1750 ds
713 1707 846 1770 sompno
868 1705 1007 1769 surgere.
1053 1682 1202 1749 Incanuit
1224 1703 1275 1748 ca·

127 1794 190 1872 put,
212 1789 359 1875 caligant
380 1790 489 1870 oculi,
522 1791 639 1856 cadunt
662 1792 794 1870 dentes,
817 1791 929 1876 lingua
952 1790 1110 1869 balbutit,
1134 1790 1278 1853 tremunt

129 1916 244 1974 manus,
270 1897 377 1961 vicina
392 1901 439 1962 est
455 1918 549 1961 mors.
597 1896 676 1972 aen,
700 1898 743 1962 mi
762 1897 873 1978 frater,
896 1897 968 1982 quis
986 1897 1091 1978 potest
1113 1894 1172 1960 hec
1197 1897 1276 1977 aput

127 2019 166 2076 se,
187 2000 358 2083 presertim
382 2001 484 2066 noctis
506 1999 646 2081 silencio,
670 2001 761 2066 siccis
784 2001 883 2067 oculis
906 2000 1074 2086 cogitare?

211 2103 293 2180 Quid
318 2105 420 2190 igitur
442 2105 558 2170 faciam
581 2110 637 2171 aut
652 2128 749 2192 quam
765 2112 889 2191 partem
905 2106 1048 2191 eligam?
1082 2101 1177 2168 Certe
1201 2123 1276 2168 con-

128 2214 244 2274 vertam
268 2232 319 2275 me
354 2232 486 2294 prorsus
508 2211 547 2276 ad
571 2211 748 2291 dominum,
778 2212 917 2277 clamans
937 2233 1008 2276 cum
1032 2208 1153 2274 David:
1197 2207 1277 2272 »Mi-

14 2353 16 2380 ι
127 2333 225 2378 serere
249 2316 322 2395 mei,
348 2317 436 2394 deus,
467 2317 639 2383 secundum
663 2337 811 2397 magnam
836 2315 1084 2381 misericordiam
1108 2319 1216 2378 tuam«
1246 2316 1279 2376 et

129 2418 159 2482 in
180 2420 287 2485 seculo
324 2443 459 2505 nequam
496 2420 616 2486 solvam
644 2422 757 2487 mortis
787 2421 956 2486 tributum.
1004 2417 1168 2484 Uberioris
1193 2413 1277 2482 eninr

14 2515 15 2520 ¹
129 2524 229 2605 gracie
252 2529 311 2604 ost,
335 2527 420 2590 inter
443 2529 601 2594 seculares
625 2548 691 2592 esse
713 2528 861 2592 devotum
894 2549 948 2591 seu
971 2524 1166 2608 religiosum,
1191 2524 1275 2587 inter

129 2628 238 2712 impios
262 2651 330 2694 esse
353 2631 473 2697 iustum
487 2680 637 2700 .........
656 2629 694 2717 [f.
713 2631 803 2714 abab]
816 2682 821 2694 .
891 2629 1003 2696 Frater
1025 2631 1069 2695 mi
1092 2627 1274 2712 predilecte,

129 2732 239 2813 videas,
263 2753 305 2796 ne
327 2753 431 2799 sermo
453 2734 545 2801 illea
567 2757 617 2802 me
633 2735 736 2799 lactus
751 2735 843 2800 cadat
858 2736 891 2798 in
913 2739 1030 2798 terram
1046 2737 1078 2797 ct
1094 2733 1274 2796 revertatur

15 2891 16 2918 ,
128 2837 163 2901 ad
186 2859 235 2902 mc
258 2859 385 2904 vacuus.
433 2837 613 2919 Provideas,
637 2839 662 2903 si
686 2838 789 2904 ocium
813 2842 868 2903 aut
891 2837 1042 2902 saturitas
1065 2841 1098 2900 te
1120 2837 1158 2901 de
1181 2857 1275 2920 para-

128 2940 192 3006 diso
215 2941 356 3025 expulit,
386 2945 470 3026 quod
503 2945 621 3012 esuries
644 2949 678 3008 et
700 2944 898 3008 abstinencia
921 2949 952 3008 te
975 2943 1137 3009 reducant.
1184 2940 1274 3019 Quod

129 3067 185 3131 ego
207 3069 290 3122 sum,
315 3052 352 3112 tu
374 3051 436 3114 eris
458 3055 514 3116 aut
532 3053 565 3115 in
582 3055 670 3117 sexta
685 3054 743 3115 tua
758 3050 838 3115 hora
853 3049 996 3115 morieris
1007 3098 1117 3114 ......
1136 3046 1169 3114 si
1185 3045 1276 3110 luisti

130 3147 165 3236 [f.
192 3152 270 3237 253]
295 3152 327 3216 in
350 3155 460 3235 scolis,
492 3178 597 3222 nonne
630 3161 720 3221 extra
742 3156 908 3221 caritatem
932 3153 1131 3220 vociferasti:
1174 3150 1276 3217 »Amo

129 3255 216 3322 flores
233 3263 268 3322 et
283 3278 408 3324 amores
423 3263 456 3324 et
466 3262 575 3326 estatis
593 3267 746 3344 tempora,
764 3260 840 3326 Colo
858 3266 996 3340 cantum,
1013 3260 1150 3343 dampno
1166 3259 1276 3342 planc-

129 3364 193 3427 tum
216 3366 249 3427 et
283 3384 402 3429 annosa
435 3370 589 3450 tempora.
637 3364 746 3431 Placet
770 3366 851 3432 risus
874 3371 971 3450 atque
993 3365 1099 3429 visus«
1129 3367 1187 3428 etc.
1242 3360 1276 3426 Si

129 3469 215 3532 extra
237 3469 361 3548 scolas,
386 3492 490 3536 nonne
513 3493 644 3536 munera
668 3471 809 3536 dilexisti
832 3477 864 3534 et
886 3491 1011 3553 semper
1042 3467 1173 3533 titulum
1197 3488 1276 3549 pau·

130 3576 260 3652 perlatis
295 3574 471 3657 gloriosum
500 3577 623 3642 odisti?
640 3625 748 3641 .....
774 3575 822 3640 Tu
850 3597 882 3638 es
913 3575 1014 3639 adbuc
1038 3573 1154 3638 mundo
1177 3571 1276 3650 utilis,

131 3678 201 3759 quia
223 3678 364 3762 prudens
387 3681 527 3764 ingenio,
551 3682 585 3745 in
608 3680 749 3746 consiliis
771 3680 930 3763 providus,
954 3680 987 3742 in
1004 3698 1148 3743 sermone
1172 3698 1276 3755 verax,

130 3782 229 3848 clarus
259 3782 409 3869 eloquio,
444 3786 476 3850 in
515 3784 622 3850 officio
652 3785 815 3851 advocacie
842 3788 874 3848 et
907 3783 1072 3848 scolastico
1105 3781 1277 3846 certamine

129 3885 319 3954 fortunatus.
377 3889 431 3972 Hij
464 3895 559 3966 sunt,
595 3890 650 3973 qui
682 3889 824 3954 vendunt
855 3889 979 3967 oleum,
1009 3886 1195 3952 osculantur
1217 3886 1277 3950 tibi

130 4013 238 4058 manns
262 3998 296 4058 et
318 4016 372 4061 ore
406 3996 535 4080 vipereo
558 3994 741 4060 detrahunt.
795 3994 933 4077 Tempus
957 3998 1024 4070 est,
1057 3997 1093 4057 nt
1117 3991 1276 4056 honestio-

130 4097 215 4162 ribus
237 4099 353 4163 studiis
377 4104 409 4164 te
431 4081 613 4185 impendas,
646 4121 708 4165 non
733 4100 871 4183 pasceris
894 4099 1032 4182 amplius
1055 4097 1180 4179 siliquis
1202 4115 1276 4178 por-

130 4221 234 4267 corum
259 4226 332 4269 oum
355 4207 469 4270 ceteris
491 4206 672 4271 mundanis.
719 4204 894 4288 Relinquas
911 4203 971 4269 hoc
994 4203 1128 4285 pelagus
1152 4201 1277 4284 inquie-

131 4309 195 4370 tum
219 4313 252 4372 ct
266 4309 365 4373 eciam
382 4312 485 4375 curias
501 4311 692 4394 principum.
729 4308 812 4374 Nam
829 4310 911 4372 sieut
926 4330 984 4391 per
1000 4307 1116 4371 multas
1133 4303 1169 4392 [f.
1186 4303 1276 4392 253¹2]

131 4410 354 4478 tribulaciones
387 4416 462 4480 iusti
486 4416 611 4480 intrant
633 4414 682 4480 dei
705 4413 860 4498 gloriam,
893 4418 928 4477 ut
964 4410 1044 4477 dixit
1067 4410 1177 4475 doctor
1199 4431 1277 4494 gen·

132 4515 222 4597 cium,
244 4519 290 4582 sic
313 4519 447 4584 curiales
471 4525 503 4586 et
525 4521 669 4586 advocati
693 4519 886 4586 cruciatibus
906 4518 1016 4586 multis
1032 4515 1199 4601 acquirere
1216 4514 1276 4579 sibi
