3092 5244
807 439 848 502 88

251 613 322 677 iter.
368 610 444 677 dam
466 611 593 697 quidem
616 619 815 680 sacrosancte
837 615 907 700 fidej
926 614 1066 680 studium
1088 613 1301 696 Wienncnse,
1328 615 1408 700 quid

252 715 338 782 aliud
361 739 379 780 a
402 715 601 800 quibusdam,
625 739 720 802 quam
743 717 918 784 ludibrium
942 719 1132 784 estimetur?
1155 719 1407 786 Oafflictionem

255 822 420 897 bonorum,
436 821 729 887 oeviscerationem
744 845 931 906 pauperum,
944 845 963 888 o
977 825 1067 890 cedes
1082 825 1311 905 innocentium,
1328 847 1407 910 sup-

253 924 463 1008 pellectilium
477 928 712 1009 surrepcioncm
728 929 1014 1013 cnodacionemquc
1030 930 1205 994 bursarum.
1242 929 1304 994 Sed
1327 931 1414 994 unde

254 1036 345 1097 tanta
360 1031 638 1117 intranquillitas‘?
662 1033 754 1098 Anne
771 1034 810 1098 ab
825 1034 897 1119 hijs,
911 1035 965 1120 qui
981 1035 1094 1100 divites
1110 1035 1251 1119 palpent,
1275 1037 1330 1100 sed
1349 1057 1415 1100 nou

255 1141 405 1216 terreant,
430 1135 484 1220 qui
500 1158 653 1221 pauperes
672 1142 816 1223 gravent,
839 1139 893 1203 sed
916 1159 978 1202 non
994 1137 1131 1218 foveant,
1154 1139 1208 1224 qui
1224 1159 1298 1205 eum
1314 1142 1414 1204 turba

255 1239 390 1324 pellacia
406 1240 529 1304 intrent
541 1246 573 1304 et
586 1262 657 1306 cum
672 1242 719 1306 ira
737 1241 906 1325 exeunt(!),
920 1243 974 1327 qui
987 1247 1109 1308 actores
1125 1249 1158 1307 ct
1173 1265 1241 1308 reos
1256 1243 1415 1328 spolient,

255 1346 307 1410 sed
323 1365 386 1410 non
397 1345 573 1425 emendent,
587 1347 641 1431 qui
651 1347 812 1430 marsupia
822 1347 1021 1425 exhauriant,
1038 1349 1091 1412 sed
1110 1370 1182 1413 raro
1195 1349 1330 1413 crimina
1341 1370 1415 1414 cor·

256 1450 375 1534 rigant,
391 1449 476 1514 fame
487 1451 541 1535 qui
554 1473 617 1516 non
631 1453 818 1534 provideant
831 1473 885 1516 sue
906 1473 964 1517 nec
976 1473 1039 1518 non
1052 1453 1215 1518 invideant
1226 1454 1339 1533 aliene,
1358 1455 1417 1538 qui

257 1557 293 1621 dc
309 1557 395 1621 omni
420 1578 453 1620 re
475 1577 530 1620 sue
555 1557 711 1622 industrie
736 1557 786 1621 vel
803 1557 905 1622 labori
930 1558 1002 1641 plus
1017 1559 1117 1623 fidant
1141 1581 1234 1643 quam
1258 1560 1415 1639 oracioni,

257 1683 393 1747 quorum
408 1661 447 1726 ad
463 1660 632 1724 concilium
648 1661 864 1726 tumultuosus
886 1662 1056 1746 ingressus,
1068 1662 1274 1727 immodestus
1295 1663 1418 1742 exitus,

258 1788 391 1852 quorum
415 1786 518 1830 sermo
550 1765 660 1844 ruina,
691 1766 759 1830 vita
781 1767 950 1851 tyrannis,
973 1768 1135 1850 presentia
1157 1767 1328 1833 crudelitas
1353 1773 1415 1849 est,

259 1872 313 1957 qui
345 1893 378 1936 se
410 1870 560 1936 amabiles
585 1871 740 1954 prebeant
772 1873 885 1950 verbo,
914 1873 967 1937 sed
991 1894 1053 1937 non
1077 1894 1188 1957 opere,
1225 1875 1418 1939 reverendos

260 1979 349 2043 factu
370 1977 423 2041 sed
447 1995 509 2039 non
533 1977 615 2053 actu,
640 1976 755 2059 quide
779 1977 851 2041 dote
874 1978 966 2041 vidue
997 1983 1029 2041 et
1052 1977 1247 2061 patrimonio
1268 1979 1418 2044 crucifixi

261 2105 294 2150 se
316 2083 489 2147 incrassare
513 2080 690 2145 festinant?
722 2082 773 2146 Ab
788 2081 850 2165 hijs
873 2083 1017 2166 denique,
1042 2084 1097 2167 qui
1121 2105 1192 2148 raro
1215 2081 1340 2147 faciunt
1365 2085 1418 2147 iu-

260 2187 377 2252 dicium
400 2186 550 2252 iniuriam
579 2186 798 2270 pacientibus,
830 2188 870 2252 ab
902 2187 964 2271 bijs
992 2209 1127 2272 quoque,
1153 2189 1207 2274 qui
1230 2190 1358 2254 curiosa
1384 2194 1418 2252 et

260 2291 404 2376 preciosa
437 2310 563 2374 quoque
594 2295 750 2354 terrarum
784 2290 958 2370 sufferunt,
989 2291 1042 2356 sed
1075 2314 1138 2356 non
1162 2313 1271 2375 pacem
1294 2293 1419 2375 regnis,

261 2401 365 2483 legem
388 2395 582 2475 civitatibus,
606 2396 744 2479 quietem
770 2395 981 2480 monasterijs,
1007 2397 1147 2482 ecclesijs
1169 2398 1323 2477 ordinem,
1347 2399 1417 2463 col·

262 2503 389 2589 legistis
411 2500 603 2584 stipendium
634 2499 862 2588 reli[n]quuut.
919 2500 980 2568 Sed
1011 2503 1108 2586 quid?
1147 2501 1304 2567 Utrumne
1327 2504 1417 2568 curie

262 2611 444 2696 principum
468 2609 565 2674 bonos
594 2607 721 2674 facilius
750 2609 890 2693 recipere
921 2631 1015 2694 quam
1038 2607 1143 2672 facere
1166 2608 1417 2672 consueverint?

266 2719 346 2781 Etne
368 2715 478 2799 plures
493 2715 528 2778 in
550 2712 613 2798 hijs
630 2713 778 2778 defecisse
794 2715 901 2792 bonos,
926 2736 1020 2797 quam
1042 2711 1143 2778 melos
1166 2712 1340 2795 profecisse
1357 2713 1417 2777 du-

264 2825 351 2888 bium
374 2821 439 2884 sit?
477 2818 504 2884 Ο
527 2821 602 2885 deus
625 2823 738 2883 cuneta
761 2841 891 2883 cernens
915 2819 1147 2903 pregrandeu).
1187 2815 1236 2882 Ne
1258 2816 1297 2880 ad
1320 2823 1419 2881 tuen-

264 2931 319 2994 das
332 2927 442 2990 viduas
458 2925 696 3007 educendosque
711 2923 850 3006 pupillos
866 2925 906 2987 da
918 2923 954 3006 (l)
971 2924 1160 3006 probandos,
1176 2923 1229 2987 sed
1245 2924 1412 3006 probatos,

266 3033 382 3116 quibus
404 3050 461 3093 nec
484 3029 624 3093 defectus
640 3029 791 3106 timeatur
807 3050 864 3093 nec
879 3028 1044 3112 profectus
1059 3032 1199 3111 optetur,
1222 3031 1336 3109 utpote
1353 3028 1419 3092 iam

266 3137 423 3220 perfectos
446 3134 566 3197 virtute
588 3132 796 3218 doctrinaque
820 3133 955 3211 edoctor,
979 3133 1087 3219 itaque
1110 3155 1173 3198 non
1196 3134 1338 3198 volentes
1361 3134 1418 3197 sed

266 3245 461 3319 cunctantes,
485 3238 540 3322 qui
563 3238 804 3302 adventancium
821 3259 932 3302 manus
954 3259 1017 3302 uon
1045 3239 1211 3303 attendant
1234 3239 1287 3303 sed
1312 3260 1419 3304 neces·

267 3349 388 3426 sitates,
410 3343 465 3429 qui
488 3342 631 3407 iudicant
652 3343 685 3406 in
710 3343 851 3426 equitate
874 3364 932 3426 pro
955 3345 1130 3408 mansuetis
1153 3349 1248 3422 terre,
1273 3344 1329 3428 qui
1352 3365 1417 3408 non

267 3452 435 3538 requirunt
451 3450 559 3513 datum
575 3448 628 3512 sed
644 3448 792 3514 fructum.
825 3447 884 3512 Sed
901 3448 1017 3530 proch!
1035 3447 1086 3512 hic
1099 3447 1239 3532 alibique
1255 3452 1417 3513 terrarum

266 3539 505 3626 ediusinolevit
527 3575 604 3630 mos,
628 3552 684 3617 alii
708 3574 810 3617 mores
834 3553 998 3617 hominum
1022 3556 1054 3616 et
1069 3557 1214 3637 tempora
1238 3553 1418 3637 periculosa

268 3688 331 3732 non
354 3664 479 3727 instant
500 3660 553 3724 sed
570 3657 689 3724 extant.
737 3657 836 3722 Fraus
853 3665 885 3722 et
900 3659 1127 3724 circumventio
1142 3658 1304 3724 invaluere
1319 3680 1418 3742 super

268 3781 399 3848 terram,
423 3765 668 3832 calumniatores
692 3765 803 3828 iniusti
827 3764 931 3843 multi,
948 3764 1092 3828 defensor
1114 3785 1213 3827 rarus.
1259 3762 1331 3828 Nisi
1347 3765 1417 3848 agi·

269 3881 378 3943 tentur
400 3893 503 3948 cause,
526 3870 697 3935 audiantur
720 3876 835 3953 partes,
860 3870 1064 3953 interpertes
1087 3869 1226 3934 iudicare
1249 3869 1320 3954 quis
1343 3873 1416 3953 pot-

269 3985 343 4048 est?
374 3979 550 4062 Agitantur
572 3974 673 4038 ferme
696 3995 797 4054 cause,
821 3975 874 4038 scd
897 3974 979 4038 sicut
993 3977 1130 4057 oportet,
1151 3995 1223 4037 nam
1248 3975 1275 4038 is
1297 3975 1418 4053 modus,

271 4088 325 4174 qui
348 4083 582 4168 frequentatur,
607 4080 792 4144 execrabilis
807 4080 901 4163 plane
918 4085 975 4145 est.
1022 4077 1118 4143 Multi
1136 4077 1255 4162 quippe
1270 4082 1418 4144 astruunt
1531 4113 1532 4122 κ

270 4216 333 4259 non
349 4191 511 4272 comperta
526 4186 580 4250 scd
594 4206 660 4264 sua,
684 4189 813 4250 struunt
828 4185 867 4250 de
882 4185 1013 4268 proprio
1029 4183 1203 4248 calumnias
1226 4184 1417 4262 innocentie,

270 4299 437 4364 destruunt
460 4290 698 4374 simplicitatem
721 4291 881 4369 veritatis,
911 4291 1082 4355 obstruunt
1105 4289 1229 4354 iusticie
1253 4289 1335 4369 rias,
1367 4291 1417 4354 in·

271 4405 400 4468 struunt
423 4398 575 4483 denique,
605 4420 624 4460 a
647 4395 761 4479 quibus
792 4400 867 4460 suut
890 4395 1076 4473 instruendi,
1100 4415 1234 4478 quorum
1259 4399 1326 4459 tota
1349 4395 1417 4460 laus

272 4501 926 4584 inferorearcheetmensinpera.‚,
1152 4575 1153 4578 Ἴ
