3106 5252
740 509 782 574 43

180 683 299 762 docuit,
323 683 372 748 cui
392 687 425 747 ln
444 706 559 769 magna
575 685 730 750 virtutum
748 691 780 750 et
795 686 989 770 dignitatum
1011 687 1202 752 excellencia
1218 709 1333 770 appro·

184 790 335 874 pinques,
358 793 428 854 tum
449 789 535 854 zelus
567 791 673 856 intimi
696 791 812 856 amoris
844 791 916 875 plus
938 790 1099 856 tibizando
1127 813 1222 876 quam
1245 792 1334 856 vobi·

179 894 279 959 sande
302 915 371 959 meo
396 893 512 959 iudicio
537 893 728 974 ostenditur,
752 900 821 962 tum
844 901 877 961 61
890 945 1007 960 ......
1023 901 1030 932 ¹
1063 918 1133 960 cum
1157 896 1261 979 prima
1283 917 1333 959 ra·

181 998 319 1077 cionum,
343 1019 414 1063 cum
430 999 469 1062 de
486 1003 518 1064 16
533 999 647 1082 loquor
662 999 745 1084 alijs,
769 1023 832 1065 non
849 1000 935 1066 dico:
959 1001 1240 1066 reverendissimus
1256 998 1333 1064 Car·

181 1102 297 1168 dinalie
320 1102 400 1167 mihi
422 1102 593 1185 dixerunt,
628 1111 692 1168 set:
725 1104 816 1183 dixit,
839 1104 893 1170 ubi
918 1105 1033 1185 claret,
1066 1105 1150 1190 quod
1176 1104 1335 1170 vobisacio

184 1207 368 1272 litterarum
399 1229 463 1272 non
497 1206 602 1272 tanti’
633 1208 763 1274 honoris
786 1213 849 1290 est,
879 1209 957 1274 alias
979 1211 1162 1276 absentibus
1185 1211 1285 1274 eciam
1308 1211 1334 1273 is

181 1313 285 1378 honor
307 1313 555 1397 impenderetur,
577 1318 646 1378 tum
670 1318 702 1379 et
725 1313 840 1380 ultimo
856 1315 994 1398 epistula
1010 1316 1122 1380 absens
1144 1339 1163 1380 a
1186 1315 1335 1378 mittente

181 1418 288 1482 minue
308 1418 436 1483 videtur
459 1418 605 1503 qualibet
627 1419 764 1484 scribere
782 1420 964 1506 litterisque
987 1441 1092 1505 agere,
1116 1441 1211 1506 quam
1228 1441 1334 1484 coram

179 1522 270 1609 loqui
291 1523 365 1588 viva
388 1545 471 1591 voce.
516 1523 658 1590 Dedecus
683 1527 869 1591 verecundie
902 1527 1016 1605 rubor,
1051 1548 1158 1611 ymmo
1184 1525 1334 1589 delictum

178 1629 274 1694 foret.
322 1628 394 1713 Hijs
416 1629 568 1695 hactenus
582 1679 764 1697 .........

279 1733 326 1798 Ex
357 1734 504 1820 Augusta
541 1737 590 1802 dia
622 1736 697 1800 solis
728 1742 801 1820 post
833 1735 1011 1802 Sebastiani
1051 1735 1167 1800 mensis
1194 1731 1332 1818 januarij

186 1837 334 1903 XXlll⁰³
358 1861 442 1904 anno
465 1841 583 1905 domini
602 1839 696 1907 1459.

656 2063 864 2070 --..-..—.——-·-

728 2222 786 2291 19.

183 2356 379 2429 Hermann
409 2357 565 2430 Schedel
588 2381 637 2428 an
667 2357 879 2451 Sigismund
908 2356 1158 2431 Gosscmbrot.
1202 2356 1335 2453 [Auga-

630 2480 726 2573 burg
758 2479 885 2576 laba]

181 2632 249 2686 clm.
265 2631 349 2686 2241.
363 2632 413 2684 271
429 2632 457 2684 in
471 2648 549 2688 verso
562 2632 732 2701 begiuncnd.
763 2633 893 2703 Concept,
912 2634 949 2687 im
960 2637 1050 2688 ersten
1064 2633 1132 2688 teile
1145 2629 1335 2702 eorgfaltiger,

559 2720 632 2775 wohl
651 2721 735 2777 echon
754 2721 915 2776 reinschrift
928 2721 948 2774 ⁴.

183 2845 262 2910 Lob
294 2846 365 2910 der
396 2847 696 2931 amtsffihrung
721 2847 1025 2913 Gessembrots.
1081 2844 1214 2928 Klage
1238 2842 1335 2906 'uber

527 2953 595 3018 die
619 2954 713 3037 lage
737 2954 817 3017 der
840 2950 968 3017 stadt.

272 3091 443 3176 Magnifica
467 3093 559 3157 huius
583 3094 671 3177 regie
695 3094 782 3158 urbis
807 3093 946 3176 pretori,
981 3091 1109 3157 domino
1131 3089 1338 3174 Sigismundn

183 3198 400 3281 Gossemprot,
424 3199 604 3282 preceptori
622 3203 654 3262 et
671 3197 866 3262 benefactori
882 3217 938 3262 suo
960 3194 1239 3261 observantissime
1253 3191 1335 3256 Her·

185 3325 319 3368 tirannus
351 3303 483 3369 Sohadel
517 3302 688 3386 plurimam
722 3302 856 3367 salutem
892 3303 977 3367 dicit.
1026 3301 1105 3365 Cum
1137 3300 1199 3383 hijs
1226 3299 1335 3362 diebus

181 3430 304 3473 mecum
328 3409 433 3473 animo
457 3412 575 3472 etatum
600 3408 736 3472 humane
759 3408 824 3472 vite
840 3407 1034 3472 revolverem
1059 3411 1092 3470 et
1107 3428 1205 3489 opera
1229 3403 1336 3468 divina

181 3514 431 3598 contemplarer,
461 3513 558 3577 michi
594 3513 626 3577 in
660 3518 798 3578 mentem
821 3512 909 3576 venit
938 3511 1071 3576 mirifica
1104 3533 1141 3574 ac
1163 3508 1336 3593 singularis

183 3627 240 3684 tua
262 3618 449 3703 prudentia,
485 3640 547 3683 non
580 3618 673 3682 modo
703 3616 897 3700 singularem
930 3617 1100 3699 potestatis
1124 3620 1156 3678 et
1179 3615 1335 3697 sapientie

183 3723 437 3808 magnitudinem
463 3745 571 3787 verum
593 3723 755 3806 pietatem,
781 3722 1053 3786 mansuetudinem
1071 3722 1103 3784 in
1119 3743 1152 3784 se
1168 3719 1333 3784 continen-

181 3827 302 3916 tem[l],
326 3850 388 3913 que
411 3850 448 3892 ex
471 3830 607 3912 quadam
623 3828 682 3892 tibi
699 3828 811 3891 innata
834 3827 943 3912 gracia
968 3827 1107 3891 evenisse
1130 3848 1212 3890 reor.
1250 3822 1334 3888 'Pan-

184 3940 252 3998 tum
278 3934 360 3998 enim
386 3933 493 4016 potuit
516 3933 571 3997 ille
587 3938 701 3997 nature
718 3934 826 4017 opifex
850 3939 882 3997 ct
905 3955 1008 3997 rerum
1023 3933 1163 3998 omnium
1188 3931 1335 4013 princeps

797 4039 814 4075 >b

255 4158 268 4210 l
289 4157 347 4213 cod.
366 4147 455 4227 pecor.
496 4156 642 4213 Viclleieht
656 4177 682 4228 q;
701 4128 777 4215 acort
796 4179 831 4204 =
843 4157 1077 4227 quodconcordat.
1131 4157 1224 4212 2cod.
1243 4158 1335 4210 tanta.

180 4248 197 4299 3
217 4245 347 4315 Soantag
365 4247 436 4299 nach
455 4243 603 4300 Sebastiam
621 4245 659 4300 ist
677 4247 726 4301 der
743 4245 785 4301 21.
875 4248 890 4298 4
914 4245 1034 4301 Frtihere
1052 4248 1184 4316 concepte
1201 4243 1269 4298 ibid.
1288 4243 1335 4298 fol.

178 4334 231 4388 317
253 4332 293 4402 [in
311 4349 390 4388 verso
411 4332 578 4403 baginnend]
600 4333 765 4390 andasta.
800 4335 853 4388 Zur
882 4333 1017 4402 datirung
1035 4334 1096 4387 eine
1115 4333 1196 4388 stelle
1214 4331 1336 4386 dercon·

175 4424 255 4490 capte
273 4420 385 4476 felle:
411 4423 456 4475 »te
474 4419 556 4474 huius
575 4421 652 4491 regie
670 4422 745 4476 urbis
763 4422 852 4476 clerus
881 4420 971 4476 omnis
992 4424 1020 4475 et
1035 4420 1124 4474 virum
1143 4417 1334 4475 doctissimum

179 4525 230 4578 per
248 4507 330 4562 huius
349 4507 416 4562 anni
428 4507 573 4563 decursum
586 4524 696 4577 semper
711 4507 889 4578 predicant‹;
908 4506 968 4562 also
988 4506 1058 4564 doch
1074 4505 1146 4561 wohl
1161 4524 1223 4560 aum
1243 4509 1336 4564 ersten

177 4597 262 4666 jahre
281 4613 337 4652 von
356 4595 547 4651 Goseembrots
566 4594 805 4663 amtsthttiglreit.
