3106 5246
819 455 883 519 144

280 635 458 718 torquetur,
484 633 651 715 presertim
677 653 770 716 quem
795 654 858 695 non
874 632 980 714 potest
1003 651 1066 693 non
1082 628 1174 692 unice
1197 626 1331 692 amare?
1357 625 1428 692 Non

279 738 375 802 habet
390 735 638 822 profecto,quod
660 737 774 814 doleat,
797 737 852 821 qui
865 735 1088 820 probissimum
1108 739 1205 818 atque
1225 733 1429 818 equissimum

279 845 381 907 virum
395 846 497 907 morte
507 841 688 925 perdiderit,
703 862 777 924 ymo
789 845 826 905 ut
839 841 955 904 rectius
963 841 1086 924 loquar,
1098 861 1190 924 quem
1203 839 1271 903 vita
1280 838 1429 902 donatum

276 947 482 1012 intellexerit.
508 943 619 1010 Necte
637 946 702 1011 ullo
718 949 811 1028 pacto
830 950 944 1029 tangat
956 943 1116 1009 Ciceronis
1131 943 1248 1027 opinio,
1260 944 1321 1028 qui
1337 943 1371 1007 in
1396 964 1431 1006 eo

277 1053 370 1131 libro,
387 1053 441 1137 qui
457 1048 708 1116 Tusculanorum
737 1051 932 1129 inscribitur,
955 1050 1105 1129 affirmat,
1128 1071 1190 1114 non
1208 1048 1271 1113 alia
1286 1049 1324 1112 de
1339 1068 1431 1112 eausa

277 1179 404 1222 suornm
444 1177 601 1241 quemque
639 1161 757 1219 mortes
811 1154 941 1238 lugere,
985 1155 1047 1218 nisi
1088 1155 1171 1239 qnod
1212 1174 1264 1217 eos
1303 1153 1431 1216 orbatos

278 1265 344 1328 vite
367 1261 506 1327 comodis
530 1261 779 1345 arbitra(u)tur‚
816 1261 871 1324 ubi
895 1264 1019 1325 tecum
1043 1257 1193 1324 Cicerone
1216 1259 1334 1322 sentire
1358 1280 1430 1341 per·

280 1368 374 1452 cipio.
421 1364 504 1430 Nem
529 1387 586 1449 per
609 1366 700 1429 deum
726 1365 949 1444 immortalem,
973 1364 1067 1428 huius
1083 1365 1182 1430 saculi
1207 1363 1338 1428 comoda
1353 1385 1427 1446 pro-

276 1474 359 1538 fecto
383 1471 532 1536 nonalia
562 1492 628 1534 esse
650 1470 853 1553 percipimus,
877 1487 972 1554 quem
996 1469 1029 1532 iu
1053 1470 1119 1534 dies
1135 1474 1280 1553 ternpore
1304 1467 1430 1550 perien-

277 1577 405 1642 losioria
435 1576 564 1655 instare,
589 1576 724 1654 fraudes,
748 1575 1034 1640 circumveucioues
1057 1575 1289 1659 violenciasque
1313 1573 1431 1657 ubique

276 1688 434 1747 terrarum
465 1681 677 1761 invalescere,
709 1681 978 1765 calumpniatores
1010 1679 1123 1760 multi,
1160 1681 1305 1744 defensor
1329 1700 1428 1758 rarus,

276 1787 394 1872 ubique
425 1791 623 1871 potenciores
662 1788 849 1870 opprimunt
883 1788 1097 1871 pauperiores
1152 1786 1193 1850 Et
1225 1791 1261 1850 ut
1290 1786 1327 1850 ad
1361 1807 1428 1848 rem

276 1893 410 1971 redeam,
433 1893 593 1957 nesciebat
613 1889 731 1971 Cicero,
754 1893 859 1957 veluti
888 1893 1074 1968 veritatem,
1108 1914 1169 1976 que
1191 1891 1268 1955 deus
1291 1895 1355 1969 ert,
1379 1890 1429 1973 ig·

276 1999 419 2075 norabat,
437 2014 482 2061 'ex
498 1997 557 2061 hoc
576 1998 681 2062 seculo
708 2000 884 2082 migrantes
905 2019 964 2082 pro
986 1999 1109 2062 meritis
1125 1997 1189 2061 suis
1213 2003 1245 2061 et
1267 1997 1428 2061 meliorem

276 2109 417 2166 eternam
443 2104 542 2168 vitam
577 2103 762 2186 adepturos,
786 2104 854 2186 ipse
877 2104 1030 2188 lugendos
1052 2109 1157 2168 censet
1180 2109 1342 2186 tamquam
1365 2103 1430 2166 vite

275 2207 412 2272 comodis
435 2208 595 2291 spoliatos.
644 2207 711 2292 Ego
744 2231 817 2273 vero
851 2231 914 2274 non
938 2210 1109 2294 lugendum
1139 2209 1231 2273 modo
1258 2209 1311 2271 sed
1335 2207 1427 2272 vehe-

274 2315 398 2376 menter
424 2312 710 2396 congratulandum
746 2336 837 2393 reor,
870 2315 953 2400 qnod
977 2336 1040 2379 non
1063 2336 1100 2378 ex
1124 2314 1281 2392 comodis,
1303 2318 1340 2377 ut
1362 2313 1428 2396 ipse

275 2417 384 2483 Cicero
407 2417 470 2496 ait,
494 2418 547 2482 red
570 2439 643 2482 vere
667 2441 704 2482 ex
727 2419 900 2484 incomodis
941 2424 973 2484 et
1002 2421 1161 2486 continuis
1190 2419 1352 2483 laboribus
1375 2440 1426 2482 ex·

275 2528 399 2607 emptos
422 2522 588 2607 intelligo,
622 2524 704 2608 quod
736 2529 767 2586 et
791 2524 828 2588 de
858 2524 1030 2589 venerabili
1054 2530 1145 2610 patre
1168 2525 1320 2589 arbitrari
1342 2523 1425 2598 licet,

274 2652 368 2714 quem
391 2635 423 2694 et
446 2631 471 2692 si
496 2630 571 2692 deus
595 2637 627 2693 te
650 2651 706 2693 sua
742 2631 916 2714 privaverit
939 2630 1116 2714 presencia,
1140 2629 1190 2693 illi
1211 2633 1317 2694 tamen
1340 2650 1424 2692 suern

274 2735 428 2799 concessit
450 2755 648 2819 regnumque
677 2743 821 2799 eternum
846 2736 872 2799 ei
898 2736 994 2801 dedit.

361 2839 494 2904 Demum
519 2862 626 2918 unum,
653 2840 685 2902 in
710 2861 773 2924 quo
796 2851 828 2903 te
851 2861 1050 2925 summopere
1073 2839 1197 2905 hortari
1219 2839 1335 2923 cupio,
1370 2844 1426 2918 est,

277 2943 359 3028 quod
384 2946 410 3007 si
433 2967 581 3029 umquam
607 2950 745 3009 mentem
770 2951 857 3008 tuam
877 2945 1030 3008 beneficia
1053 2944 1259 3010 evenerabili
1281 2949 1425 3028 prestan-

276 3049 461 3132 tissimoque
486 3054 577 3131 patre
601 3047 702 3112 felicis
738 3049 887 3112 memorie
911 3049 1063 3132 (mentem
1087 3050 1188 3132 tuam)
1218 3050 1425 3128 accenderint,

274 3153 413 3217 vicissim
444 3155 546 3236 ipsum
575 3155 719 3217 venerari
742 3153 944 3238 plurimaque
960 3155 1092 3219 caritate
1114 3155 1263 3238 amplecti
1286 3155 1350 3218 tuis
1375 3156 1426 3218 be-

273 3257 396 3338 neficijs
419 3258 501 3340 apud
525 3259 618 3322 deum
641 3280 703 3323 non
727 3259 880 3339 omittas,
912 3260 1098 3324 suavissima
1129 3262 1249 3344 deoque
1272 3265 1364 3344 grata
1386 3260 1424 3322 li·

274 3363 400 3427 bamina
422 3363 455 3426 in
479 3364 584 3428 anime
620 3366 686 3429 eius
719 3364 854 3430 salutern
891 3366 1092 3450 frequencius
1123 3365 1248 3429 celebra
1264 3413 1272 3427 .
1289 3415 1296 3431 .
1315 3415 1322 3430 .
1343 3415 1349 3427 .
1368 3363 1426 3427 His

273 3468 381 3551 pocius
404 3490 499 3552 quam
524 3471 638 3534 ceteris
663 3471 802 3536 luctibus
826 3469 1055 3553 indulgendum
1083 3491 1202 3535 censeo.
1235 3468 1324 3534 Licet
1340 3469 1423 3534 enim

273 3576 385 3635 nature
408 3574 536 3657 obsequi
562 3576 719 3657 gravitate
744 3578 878 3651 servata,
904 3595 975 3638 curn
999 3575 1108 3655 nichil,
1141 3575 1201 3638 nisi
1225 3575 1307 3658 quod
1332 3575 1425 3640 datur

271 3677 354 3742 veris
376 3676 553 3758 affectibus,
588 3680 822 3764 obsequendum
847 3685 894 3744 est
908 3677 953 3764 (1),
985 3680 1059 3745 talis
1085 3681 1192 3763 itaque
1225 3680 1351 3746 dolendi
1375 3678 1425 3746 lu·

272 3781 431 3866 gendique
465 3783 557 3847 decor
585 3784 722 3866 sapienti
751 3785 922 3848 servandus
954 3790 1011 3848 ert.
1072 3783 1161 3868 Equo
1195 3785 1297 3869 igitur
1320 3787 1425 3850 animo

272 3887 484 3952 necessariora
510 3909 546 3951 ao
569 3888 700 3952 utiliora
722 3889 941 3972 amplectenda
974 3894 1069 3969 sunt,
1107 3911 1300 3973 supervacue
1330 3892 1424 3955 omit·

271 3992 375 4070 tenda,
400 3993 482 4075 quod
510 3997 545 4056 ut
567 3993 687 4077 iugiter
710 3994 775 4071 fiat,
799 3994 915 4057 obnixe
939 3994 1051 4058 hortor
1082 3999 1114 4059 et
1139 4016 1205 4059 oro.
1251 3993 1335 4059 Nam
1359 4018 1423 4060 me·

270 4098 399 4161 minisse
431 4097 613 4180 parcissime
643 4097 811 4162 inhumani
840 4099 938 4162 animi
968 4104 1027 4165 est.
1084 4098 1135 4164 Sic
1167 4121 1249 4179 aves,
1280 4101 1327 4165 sic
1360 4104 1425 4164 fere

270 4225 342 4268 snos
358 4204 507 4287 diligunt,
531 4225 664 4288 quarum
682 4204 857 4268 concitatus
882 4208 931 4268 est
954 4225 1044 4270 amor
1066 4210 1097 4267 et
1113 4227 1194 4288 pene
1216 4205 1356 4285 rabidus,
1372 4207 1424 4270 sed

268 4313 373 4372 tamen
397 4309 520 4372 amissis
542 4313 629 4373 totus
653 4310 865 4394 extinguitur.
933 4309 1002 4374 Hoc
1029 4316 1062 4374 te
1091 4311 1185 4374 sicuti
1218 4312 1324 4375 virum
1347 4334 1423 4395 pru·

271 4413 396 4477 dentem
419 4435 482 4478 non
506 4413 602 4478 decet.
649 4413 829 4479 Meminisse
854 4415 970 4480 idcirco
996 4436 1173 4498 persevera,
1187 4415 1297 4500 lugere
1313 4438 1422 4500 super·

270 4541 364 4583 vacue
388 4520 501 4585 desine.
553 4517 622 4582 Heo
657 4521 771 4584 nedum
803 4521 873 4599 tibi,
905 4522 959 4585 sed
990 4521 1094 4584 michi
1118 4521 1294 4608 ceterisque
1317 4544 1423 4586 amore
