<?xml version="1.0" encoding="UTF-8"?>
<!DOCTYPE html PUBLIC "-//W3C//DTD XHTML 1.0 Transitional//EN"
    "http://www.w3.org/TR/xhtml1/DTD/xhtml1-transitional.dtd">
<html xmlns="http://www.w3.org/1999/xhtml" xml:lang="en" lang="en">
 <head>
  <title>
</title>
<meta http-equiv="Content-Type" content="text/html;charset=utf-8" />
  <meta name='ocr-system' content='tesseract 3.04.00' />
  <meta name='ocr-capabilities' content='ocr_page ocr_carea ocr_par ocr_line ocrx_word'/>
</head>
<body>
  <div class='ocr_page' id='page_1' title='image "./hermannschedels00joacgoog_0131.png"; bbox 0 0 3092 5244; ppageno 0'>
   <div class='ocr_carea' id='block_1_1' title="bbox 668 455 729 520">
    <p class='ocr_par' dir='ltr' id='par_1_1' title="bbox 668 455 729 520">
     <span class='ocr_line' id='line_1_1' title="bbox 668 455 729 520; baseline -0.033 0"><span class='ocrx_word' id='word_1_1' title='bbox 668 455 729 520; x_wconf 85' lang='lat'>115</span> 
     </span>
    </p>
   </div>
   <div class='ocr_carea' id='block_1_2' title="bbox 125 627 1280 819">
    <p class='ocr_par' dir='ltr' id='par_1_2' title="bbox 125 627 1280 819">
     <span class='ocr_line' id='line_1_2' title="bbox 125 627 1280 714; baseline -0.002 -20"><span class='ocrx_word' id='word_1_2' title='bbox 125 650 264 714; x_wconf 83' lang='lat' dir='ltr'>gagen</span> <span class='ocrx_word' id='word_1_3' title='bbox 301 629 367 694; x_wconf 89' lang='lat' dir='ltr'>die</span> <span class='ocrx_word' id='word_1_4' title='bbox 402 629 595 695; x_wconf 85' lang='lat' dir='ltr'>litterae</span> <span class='ocrx_word' id='word_1_5' title='bbox 627 629 861 708; x_wconf 89' lang='lat' dir='ltr'>seculares,</span> <span class='ocrx_word' id='word_1_6' title='bbox 891 628 1020 694; x_wconf 84' lang='lat' dir='ltr'>denen</span> <span class='ocrx_word' id='word_1_7' title='bbox 1054 651 1096 692; x_wconf 91' lang='lat' dir='ltr'>er</span> <span class='ocrx_word' id='word_1_8' title='bbox 1126 627 1280 693; x_wconf 87' lang='lat' dir='ltr'>eelbst</span> 
     </span>
     <span class='ocr_line' id='line_1_3' title="bbox 486 735 923 819; baseline -0.002 -18"><span class='ocrx_word' id='word_1_9' title='bbox 486 737 601 802; x_wconf 87' lang='lat' dir='ltr'>eiust</span> <span class='ocrx_word' id='word_1_10' title='bbox 632 735 809 819; x_wconf 86' lang='lat' dir='ltr'>argeben</span> <span class='ocrx_word' id='word_1_11' title='bbox 832 755 923 800; x_wconf 80' lang='lat' dir='ltr'>war.</span> 
     </span>
    </p>
   </div>
   <div class='ocr_carea' id='block_1_3' title="bbox 127 870 1283 1484">
    <p class='ocr_par' dir='ltr' id='par_1_3' title="bbox 127 870 1283 1484">
     <span class='ocr_line' id='line_1_4' title="bbox 214 870 1279 940; baseline -0.002 -2"><span class='ocrx_word' id='word_1_12' title='bbox 214 871 384 940; x_wconf 78' lang='lat' dir='ltr'>Carissimo</span> <span class='ocrx_word' id='word_1_13' title='bbox 407 879 438 940; x_wconf 89' lang='lat' dir='ltr'>et</span> <span class='ocrx_word' id='word_1_14' title='bbox 461 874 554 939; x_wconf 85' lang='lat' dir='ltr'>docto</span> <span class='ocrx_word' id='word_1_15' title='bbox 569 871 663 937; x_wconf 79' lang='lat' dir='ltr'>fratri</span> <span class='ocrx_word' id='word_1_16' title='bbox 680 873 713 936; x_wconf 92' lang='lat' dir='ltr'>in</span> <span class='ocrx_word' id='word_1_17' title='bbox 729 872 799 938; x_wconf 90' lang='lat' dir='ltr'>ocio</span> <span class='ocrx_word' id='word_1_18' title='bbox 814 872 999 938; x_wconf 89' lang='lat' dir='ltr'>deliciarum</span> <span class='ocrx_word' id='word_1_19' title='bbox 1015 872 1167 937; x_wconf 78' lang='lat' dir='ltr'><strong>residenti</strong></span> <span class='ocrx_word' id='word_1_20' title='bbox 1178 870 1279 936; x_wconf 90' lang='lat' dir='ltr'>Hein-</span> 
     </span>
     <span class='ocr_line' id='line_1_5' title="bbox 128 975 1282 1044; baseline 0 -2"><span class='ocrx_word' id='word_1_21' title='bbox 128 979 214 1042; x_wconf 86' lang='lat' dir='ltr'>ricus</span> <span class='ocrx_word' id='word_1_22' title='bbox 238 977 304 1042; x_wconf 86' lang='lat' dir='ltr'>Lur</span> <span class='ocrx_word' id='word_1_23' title='bbox 328 980 406 1044; x_wconf 89' lang='lat' dir='ltr'>bene</span> <span class='ocrx_word' id='word_1_24' title='bbox 429 978 511 1044; x_wconf 89' lang='lat' dir='ltr'>mori</span> <span class='ocrx_word' id='word_1_25' title='bbox 535 999 606 1042; x_wconf 92' lang='lat' dir='ltr'>cum</span> <span class='ocrx_word' id='word_1_26' title='bbox 632 975 762 1042; x_wconf 83' lang='lat' dir='ltr'>Balaam</span> <span class='ocrx_word' id='word_1_27' title='bbox 780 975 962 1041; x_wconf 84' lang='lat' dir='ltr'>desiderans</span> <span class='ocrx_word' id='word_1_28' title='bbox 978 976 1114 1041; x_wconf 87' lang='lat' dir='ltr'>salutem</span> <span class='ocrx_word' id='word_1_29' title='bbox 1129 977 1235 1042; x_wconf 90' lang='lat' dir='ltr'>anime</span> <span class='ocrx_word' id='word_1_30' title='bbox 1250 983 1282 1042; x_wconf 88' lang='lat' dir='ltr'>et</span> 
     </span>
     <span class='ocr_line' id='line_1_6' title="bbox 127 1081 1283 1168; baseline 0 -20"><span class='ocrx_word' id='word_1_31' title='bbox 127 1084 270 1168; x_wconf 88' lang='lat' dir='ltr'>corporis</span> <span class='ocrx_word' id='word_1_32' title='bbox 292 1084 472 1150; x_wconf 82' lang='lat' dir='ltr'>sanitatem.</span> <span class='ocrx_word' id='word_1_33' title='bbox 519 1081 707 1166; x_wconf 80' lang='lat' dir='ltr'>Philosophi</span> <span class='ocrx_word' id='word_1_34' title='bbox 730 1083 828 1147; x_wconf 89' lang='lat' dir='ltr'>seculi</span> <span class='ocrx_word' id='word_1_35' title='bbox 851 1083 955 1147; x_wconf 78' lang='lat' dir='ltr'><strong>solent</strong></span> <span class='ocrx_word' id='word_1_36' title='bbox 978 1103 1118 1147; x_wconf 89' lang='lat' dir='ltr'>amorem</span> <span class='ocrx_word' id='word_1_37' title='bbox 1141 1087 1283 1148; x_wconf 84' lang='lat' dir='ltr'>veterem</span> 
     </span>
     <span class='ocr_line' id='line_1_7' title="bbox 130 1188 1282 1275; baseline 0.003 -25"><span class='ocrx_word' id='word_1_38' title='bbox 130 1209 239 1253; x_wconf 88' lang='lat' dir='ltr'>amore</span> <span class='ocrx_word' id='word_1_39' title='bbox 263 1210 344 1254; x_wconf 79' lang='lat' dir='ltr'>novo</span> <span class='ocrx_word' id='word_1_40' title='bbox 369 1192 459 1274; x_wconf 86' lang='lat' dir='ltr'>quasi</span> <span class='ocrx_word' id='word_1_41' title='bbox 479 1190 603 1255; x_wconf 86' lang='lat' dir='ltr'>clevum</span> <span class='ocrx_word' id='word_1_42' title='bbox 627 1189 717 1254; x_wconf 87' lang='lat' dir='ltr'>clavo</span> <span class='ocrx_word' id='word_1_43' title='bbox 733 1189 901 1273; x_wconf 79' lang='lat' dir='ltr'>expellere,</span> <span class='ocrx_word' id='word_1_44' title='bbox 926 1189 1010 1275; x_wconf 92' lang='lat' dir='ltr'>quod</span> <span class='ocrx_word' id='word_1_45' title='bbox 1026 1193 1059 1254; x_wconf 87' lang='lat' dir='ltr'>et</span> <span class='ocrx_word' id='word_1_46' title='bbox 1075 1188 1195 1254; x_wconf 76' lang='lat' dir='ltr'>nevero</span> <span class='ocrx_word' id='word_1_47' title='bbox 1211 1210 1282 1273; x_wconf 91' lang='lat' dir='ltr'>sep-</span> 
     </span>
     <span class='ocr_line' id='line_1_8' title="bbox 128 1293 1282 1380; baseline 0.002 -24"><span class='ocrx_word' id='word_1_48' title='bbox 128 1297 192 1356; x_wconf 88' lang='lat' dir='ltr'>tem</span> <span class='ocrx_word' id='word_1_49' title='bbox 210 1293 373 1377; x_wconf 71' lang='lat' dir='ltr'>principes</span> <span class='ocrx_word' id='word_1_50' title='bbox 395 1293 565 1360; x_wconf 81' lang='lat' dir='ltr'>Persarum</span> <span class='ocrx_word' id='word_1_51' title='bbox 578 1295 689 1374; x_wconf 80' lang='lat' dir='ltr'>iecere,</span> <span class='ocrx_word' id='word_1_52' title='bbox 713 1300 750 1360; x_wconf 87' lang='lat' dir='ltr'>ut</span> <span class='ocrx_word' id='word_1_53' title='bbox 766 1293 854 1360; x_wconf 87' lang='lat' dir='ltr'>Fasti</span> <span class='ocrx_word' id='word_1_54' title='bbox 871 1297 981 1380; x_wconf 80' lang='lat' dir='ltr'>regine</span> <span class='ocrx_word' id='word_1_55' title='bbox 997 1294 1188 1360; x_wconf 90' lang='lat' dir='ltr'>desiderium</span> <span class='ocrx_word' id='word_1_56' title='bbox 1203 1293 1282 1359; x_wconf 86' lang='lat' dir='ltr'>alia·</span> 
     </span>
     <span class='ocr_line' id='line_1_9' title="bbox 128 1399 1283 1484; baseline 0.001 -23"><span class='ocrx_word' id='word_1_57' title='bbox 128 1421 199 1462; x_wconf 89' lang='lat' dir='ltr'>rum</span> <span class='ocrx_word' id='word_1_58' title='bbox 224 1419 332 1463; x_wconf 85' lang='lat' dir='ltr'>amore</span> <span class='ocrx_word' id='word_1_59' title='bbox 361 1405 607 1484; x_wconf 77' lang='lat' dir='ltr'>compescerent.</span> <span class='ocrx_word' id='word_1_60' title='bbox 655 1399 709 1465; x_wconf 94' lang='lat' dir='ltr'>Illi</span> <span class='ocrx_word' id='word_1_61' title='bbox 725 1400 842 1466; x_wconf 86' lang='lat' dir='ltr'>vicium</span> <span class='ocrx_word' id='word_1_62' title='bbox 856 1401 949 1479; x_wconf 77' lang='lat' dir='ltr'>vicio,</span> <span class='ocrx_word' id='word_1_63' title='bbox 974 1402 1138 1484; x_wconf 86' lang='lat' dir='ltr'>peceatum</span> <span class='ocrx_word' id='word_1_64' title='bbox 1155 1403 1283 1482; x_wconf 90' lang='lat' dir='ltr'>peccato</span> 
     </span>
    </p>
   </div>
   <div class='ocr_carea' id='block_1_4' title="bbox 8 1503 1283 1591">
    <p class='ocr_par' dir='ltr' id='par_1_4' title="bbox 8 1503 1283 1591">
     <span class='ocr_line' id='line_1_10' title="bbox 8 1503 1283 1591; baseline 0.001 -25"><span class='ocrx_word' id='word_1_65' title='bbox 8 1567 10 1576; x_wconf 51' lang='lat'>,</span> <span class='ocrx_word' id='word_1_66' title='bbox 129 1503 356 1569; x_wconf 79' lang='lat' dir='ltr'>remediantur.</span> <span class='ocrx_word' id='word_1_67' title='bbox 407 1504 475 1571; x_wconf 88' lang='lat' dir='ltr'>Nos</span> <span class='ocrx_word' id='word_1_68' title='bbox 500 1513 616 1586; x_wconf 88' lang='lat' dir='ltr'>antem,</span> <span class='ocrx_word' id='word_1_69' title='bbox 641 1507 696 1591; x_wconf 87' lang='lat' dir='ltr'>qui</span> <span class='ocrx_word' id='word_1_70' title='bbox 713 1505 866 1572; x_wconf 89' lang='lat' dir='ltr'>haetenus</span> <span class='ocrx_word' id='word_1_71' title='bbox 882 1505 1057 1571; x_wconf 83' lang='lat' dir='ltr'>amavimus</span> <span class='ocrx_word' id='word_1_72' title='bbox 1076 1506 1171 1570; x_wconf 91' lang='lat' dir='ltr'>huius</span> <span class='ocrx_word' id='word_1_73' title='bbox 1186 1503 1283 1570; x_wconf 87' lang='lat' dir='ltr'>seculi</span> 
     </span>
    </p>
   </div>
   <div class='ocr_carea' id='block_1_5' title="bbox 86 1607 1287 2644">
    <p class='ocr_par' dir='ltr' id='par_1_5' title="bbox 128 1607 1285 2011">
     <span class='ocr_line' id='line_1_11' title="bbox 129 1607 1285 1691; baseline 0.003 -21"><span class='ocrx_word' id='word_1_74' title='bbox 129 1607 290 1672; x_wconf 86' lang='lat' dir='ltr'>vanitates</span> <span class='ocrx_word' id='word_1_75' title='bbox 321 1612 354 1672; x_wconf 90' lang='lat' dir='ltr'>et</span> <span class='ocrx_word' id='word_1_76' title='bbox 376 1611 475 1675; x_wconf 91' lang='lat' dir='ltr'>nimia</span> <span class='ocrx_word' id='word_1_77' title='bbox 505 1611 675 1677; x_wconf 80' lang='lat' dir='ltr'>dilectione</span> <span class='ocrx_word' id='word_1_78' title='bbox 699 1611 866 1676; x_wconf 85' lang='lat' dir='ltr'>dileximus</span> <span class='ocrx_word' id='word_1_79' title='bbox 895 1611 1094 1691; x_wconf 87' lang='lat' dir='ltr'>transitoria,</span> <span class='ocrx_word' id='word_1_80' title='bbox 1124 1611 1229 1675; x_wconf 90' lang='lat' dir='ltr'>ocium</span> <span class='ocrx_word' id='word_1_81' title='bbox 1253 1615 1285 1674; x_wconf 90' lang='lat' dir='ltr'>et</span> 
     </span>
     <span class='ocr_line' id='line_1_12' title="bbox 132 1715 1284 1800; baseline 0.003 -24"><span class='ocrx_word' id='word_1_82' title='bbox 132 1735 183 1777; x_wconf 93' lang='lat' dir='ltr'>res</span> <span class='ocrx_word' id='word_1_83' title='bbox 207 1715 409 1797; x_wconf 83' lang='lat' dir='ltr'>temporales,</span> <span class='ocrx_word' id='word_1_84' title='bbox 433 1739 539 1783; x_wconf 88' lang='lat' dir='ltr'>amore</span> <span class='ocrx_word' id='word_1_85' title='bbox 562 1717 740 1782; x_wconf 87' lang='lat' dir='ltr'>divinarum</span> <span class='ocrx_word' id='word_1_86' title='bbox 761 1739 866 1782; x_wconf 88' lang='lat' dir='ltr'>rerum</span> <span class='ocrx_word' id='word_1_87' title='bbox 890 1716 972 1781; x_wconf 87' lang='lat' dir='ltr'>vicia</span> <span class='ocrx_word' id='word_1_88' title='bbox 993 1737 1192 1800; x_wconf 88' lang='lat' dir='ltr'>superemus,</span> <span class='ocrx_word' id='word_1_89' title='bbox 1215 1715 1284 1780; x_wconf 88' lang='lat' dir='ltr'>ocia</span> 
     </span>
     <span class='ocr_line' id='line_1_13' title="bbox 128 1820 1284 1908; baseline 0.003 -27"><span class='ocrx_word' id='word_1_90' title='bbox 128 1839 315 1902; x_wconf 84' lang='lat' dir='ltr'>spernemus</span> <span class='ocrx_word' id='word_1_91' title='bbox 343 1825 375 1884; x_wconf 90' lang='lat' dir='ltr'>et</span> <span class='ocrx_word' id='word_1_92' title='bbox 398 1820 646 1888; x_wconf 78' lang='lat' dir='ltr'>fornicacionem</span> <span class='ocrx_word' id='word_1_93' title='bbox 670 1822 825 1908; x_wconf 85' lang='lat' dir='ltr'>fugemus.</span> <span class='ocrx_word' id='word_1_94' title='bbox 860 1821 1096 1888; x_wconf 83' lang='lat' dir='ltr'>Declinemnsa</span> <span class='ocrx_word' id='word_1_95' title='bbox 1119 1820 1213 1902; x_wconf 87' lang='lat' dir='ltr'>malo,</span> <span class='ocrx_word' id='word_1_96' title='bbox 1236 1821 1284 1885; x_wconf 88' lang='lat' dir='ltr'>fa·</span> 
     </span>
     <span class='ocr_line' id='line_1_14' title="bbox 131 1923 1125 2011; baseline 0.004 -25"><span class='ocrx_word' id='word_1_97' title='bbox 131 1923 252 1988; x_wconf 92' lang='lat' dir='ltr'>ciemus</span> <span class='ocrx_word' id='word_1_98' title='bbox 278 1924 369 2005; x_wconf 92' lang='lat' dir='ltr'>bona,</span> <span class='ocrx_word' id='word_1_99' title='bbox 395 1948 563 2011; x_wconf 86' lang='lat' dir='ltr'>queramus</span> <span class='ocrx_word' id='word_1_100' title='bbox 585 1949 693 2010; x_wconf 86' lang='lat' dir='ltr'>pacem</span> <span class='ocrx_word' id='word_1_101' title='bbox 718 1931 750 1991; x_wconf 87' lang='lat' dir='ltr'>et</span> <span class='ocrx_word' id='word_1_102' title='bbox 774 1927 862 1991; x_wconf 89' lang='lat' dir='ltr'>illam</span> <span class='ocrx_word' id='word_1_103' title='bbox 885 1948 1125 2011; x_wconf 84' lang='lat' dir='ltr'>prosequamur.</span> 
     </span>
    </p>

    <p class='ocr_par' dir='ltr' id='par_1_6' title="bbox 86 2027 1287 2644">
     <span class='ocr_line' id='line_1_15' title="bbox 220 2027 1285 2116; baseline 0.003 -23"><span class='ocrx_word' id='word_1_104' title='bbox 220 2027 312 2110; x_wconf 84' lang='lat' dir='ltr'>Sane,</span> <span class='ocrx_word' id='word_1_105' title='bbox 335 2030 380 2094; x_wconf 91' lang='lat' dir='ltr'>mi</span> <span class='ocrx_word' id='word_1_106' title='bbox 403 2030 513 2109; x_wconf 88' lang='lat' dir='ltr'>frater,</span> <span class='ocrx_word' id='word_1_107' title='bbox 538 2031 757 2116; x_wconf 87' lang='lat' dir='ltr'>descripturus</span> <span class='ocrx_word' id='word_1_108' title='bbox 790 2053 916 2097; x_wconf 89' lang='lat' dir='ltr'>cursum</span> <span class='ocrx_word' id='word_1_109' title='bbox 939 2033 1004 2096; x_wconf 81' lang='lat' dir='ltr'>vite</span> <span class='ocrx_word' id='word_1_110' title='bbox 1030 2054 1097 2097; x_wconf 84' lang='lat' dir='ltr'>mee</span> <span class='ocrx_word' id='word_1_111' title='bbox 1120 2032 1285 2096; x_wconf 90' lang='lat' dir='ltr'>ostendam</span> 
     </span>
     <span class='ocr_line' id='line_1_16' title="bbox 129 2133 1284 2222; baseline 0.004 -27"><span class='ocrx_word' id='word_1_112' title='bbox 129 2133 191 2197; x_wconf 90' lang='lat' dir='ltr'>tibi</span> <span class='ocrx_word' id='word_1_113' title='bbox 216 2134 335 2200; x_wconf 90' lang='lat' dir='ltr'>domini</span> <span class='ocrx_word' id='word_1_114' title='bbox 359 2136 459 2215; x_wconf 87' lang='lat' dir='ltr'>viam,</span> <span class='ocrx_word' id='word_1_115' title='bbox 494 2158 551 2220; x_wconf 91' lang='lat' dir='ltr'>per</span> <span class='ocrx_word' id='word_1_116' title='bbox 574 2159 667 2222; x_wconf 89' lang='lat' dir='ltr'>quam</span> <span class='ocrx_word' id='word_1_117' title='bbox 701 2143 829 2222; x_wconf 87' lang='lat' dir='ltr'>oportet</span> <span class='ocrx_word' id='word_1_118' title='bbox 858 2139 905 2202; x_wconf 91' lang='lat' dir='ltr'>ire</span> <span class='ocrx_word' id='word_1_119' title='bbox 937 2159 1044 2202; x_wconf 85' lang='lat' dir='ltr'>versus</span> <span class='ocrx_word' id='word_1_120' title='bbox 1074 2141 1204 2221; x_wconf 88' lang='lat' dir='ltr'>portum</span> <span class='ocrx_word' id='word_1_121' title='bbox 1228 2157 1284 2220; x_wconf 92' lang='lat' dir='ltr'>pa·</span> 
     </span>
     <span class='ocr_line' id='line_1_17' title="bbox 86 2238 1285 2325; baseline 0.006 -24"><span class='ocrx_word' id='word_1_122' title='bbox 86 2259 89 2264; x_wconf 86' lang='lat'>·</span> <span class='ocrx_word' id='word_1_123' title='bbox 130 2238 195 2302; x_wconf 86' lang='lat' dir='ltr'>trie</span> <span class='ocrx_word' id='word_1_124' title='bbox 218 2239 432 2323; x_wconf 90' lang='lat' dir='ltr'>concupitum.</span> <span class='ocrx_word' id='word_1_125' title='bbox 478 2242 517 2306; x_wconf 92' lang='lat' dir='ltr'>In</span> <span class='ocrx_word' id='word_1_126' title='bbox 541 2243 653 2325; x_wconf 93' lang='lat' dir='ltr'>primis</span> <span class='ocrx_word' id='word_1_127' title='bbox 677 2242 854 2309; x_wconf 79' lang='lat' dir='ltr'>iuventutis</span> <span class='ocrx_word' id='word_1_128' title='bbox 877 2249 910 2308; x_wconf 87' lang='lat' dir='ltr'>et</span> <span class='ocrx_word' id='word_1_129' title='bbox 939 2243 1152 2309; x_wconf 88' lang='lat' dir='ltr'>adolesceneie</span> <span class='ocrx_word' id='word_1_130' title='bbox 1173 2243 1285 2308; x_wconf 88' lang='lat' dir='ltr'>florem</span> 
     </span>
     <span class='ocr_line' id='line_1_18' title="bbox 132 2344 1287 2432; baseline 0.005 -26"><span class='ocrx_word' id='word_1_131' title='bbox 132 2344 167 2406; x_wconf 93' lang='lat' dir='ltr'>in</span> <span class='ocrx_word' id='word_1_132' title='bbox 191 2344 389 2410; x_wconf 84' lang='lat' dir='ltr'>vanitatibus</span> <span class='ocrx_word' id='word_1_133' title='bbox 410 2347 508 2411; x_wconf 90' lang='lat' dir='ltr'>seculi</span> <span class='ocrx_word' id='word_1_134' title='bbox 541 2349 697 2432; x_wconf 84' lang='lat' dir='ltr'>expendi,</span> <span class='ocrx_word' id='word_1_135' title='bbox 733 2350 766 2413; x_wconf 92' lang='lat' dir='ltr'>in</span> <span class='ocrx_word' id='word_1_136' title='bbox 789 2349 1053 2414; x_wconf 85' lang='lat' dir='ltr'>universitatibus</span> <span class='ocrx_word' id='word_1_137' title='bbox 1077 2349 1153 2413; x_wconf 88' lang='lat' dir='ltr'>tersi</span> <span class='ocrx_word' id='word_1_138' title='bbox 1176 2349 1287 2413; x_wconf 87' lang='lat' dir='ltr'>dentes</span> 
     </span>
     <span class='ocr_line' id='line_1_19' title="bbox 132 2448 1285 2538; baseline 0.003 -25"><span class='ocrx_word' id='word_1_139' title='bbox 132 2448 223 2513; x_wconf 86' lang='lat' dir='ltr'>vanis</span> <span class='ocrx_word' id='word_1_140' title='bbox 245 2449 364 2514; x_wconf 90' lang='lat' dir='ltr'>fabulis</span> <span class='ocrx_word' id='word_1_141' title='bbox 388 2454 464 2517; x_wconf 79' lang='lat' dir='ltr'>eum&#39;</span> <span class='ocrx_word' id='word_1_142' title='bbox 484 2454 577 2518; x_wconf 90' lang='lat' dir='ltr'>beato</span> <span class='ocrx_word' id='word_1_143' title='bbox 592 2452 767 2534; x_wconf 89' lang='lat' dir='ltr'>Jeronimo‚</span> <span class='ocrx_word' id='word_1_144' title='bbox 790 2453 909 2519; x_wconf 87' lang='lat' dir='ltr'>librum</span> <span class='ocrx_word' id='word_1_145' title='bbox 933 2451 1095 2519; x_wconf 80' lang='lat' dir='ltr'>Ciceronis</span> <span class='ocrx_word' id='word_1_146' title='bbox 1117 2453 1200 2538; x_wconf 83' lang='lat' dir='ltr'>legi,</span> <span class='ocrx_word' id='word_1_147' title='bbox 1225 2454 1285 2536; x_wconf 87' lang='lat' dir='ltr'>fig-</span> 
     </span>
     <span class='ocr_line' id='line_1_20' title="bbox 133 2555 1287 2644; baseline 0.004 -27"><span class='ocrx_word' id='word_1_148' title='bbox 133 2555 249 2618; x_wconf 90' lang='lat' dir='ltr'>mentis</span> <span class='ocrx_word' id='word_1_149' title='bbox 266 2575 463 2638; x_wconf 88' lang='lat' dir='ltr'>paganorum</span> <span class='ocrx_word' id='word_1_150' title='bbox 488 2558 659 2642; x_wconf 81' lang='lat' dir='ltr'>diligenter</span> <span class='ocrx_word' id='word_1_151' title='bbox 674 2559 793 2640; x_wconf 84' lang='lat' dir='ltr'>adhesi,</span> <span class='ocrx_word' id='word_1_152' title='bbox 823 2559 1044 2644; x_wconf 88' lang='lat' dir='ltr'>magisterium</span> <span class='ocrx_word' id='word_1_153' title='bbox 1057 2564 1089 2623; x_wconf 87' lang='lat' dir='ltr'>et</span> <span class='ocrx_word' id='word_1_154' title='bbox 1104 2558 1287 2623; x_wconf 89' lang='lat' dir='ltr'>cathedram</span> 
     </span>
    </p>
   </div>
   <div class='ocr_carea' id='block_1_6' title="bbox 134 2657 1293 4662">
    <p class='ocr_par' dir='ltr' id='par_1_7' title="bbox 134 2657 1287 2808">
     <span class='ocr_line' id='line_1_21' title="bbox 134 2657 1287 2748; baseline 0.006 -27"><span class='ocrx_word' id='word_1_155' title='bbox 134 2680 230 2742; x_wconf 89' lang='lat' dir='ltr'>super</span> <span class='ocrx_word' id='word_1_156' title='bbox 252 2657 331 2724; x_wconf 86' lang='lat' dir='ltr'>alios</span> <span class='ocrx_word' id='word_1_157' title='bbox 354 2663 504 2745; x_wconf 81' lang='lat' dir='ltr'>usurpavi</span> <span class='ocrx_word' id='word_1_158' title='bbox 521 2663 542 2743; x_wconf 84' lang='lat'>²,</span> <span class='ocrx_word' id='word_1_159' title='bbox 566 2669 602 2728; x_wconf 92' lang='lat' dir='ltr'>ut</span> <span class='ocrx_word' id='word_1_160' title='bbox 621 2664 717 2730; x_wconf 85' lang='lat' dir='ltr'>certia</span> <span class='ocrx_word' id='word_1_161' title='bbox 740 2663 989 2748; x_wconf 88' lang='lat' dir='ltr'>sophismatibus</span> <span class='ocrx_word' id='word_1_162' title='bbox 1015 2669 1046 2728; x_wconf 92' lang='lat' dir='ltr'>et</span> <span class='ocrx_word' id='word_1_163' title='bbox 1069 2662 1287 2728; x_wconf 90' lang='lat' dir='ltr'>insolubilium</span> 
     </span>
     <span class='ocr_line' id='line_1_22' title="bbox 701 2766 720 2808; baseline 0 0"><span class='ocrx_word' id='word_1_164' title='bbox 701 2766 720 2808; x_wconf 67' lang='grc'>*</span> 
     </span>
    </p>

    <p class='ocr_par' dir='ltr' id='par_1_8' title="bbox 134 2849 1292 4412">
     <span class='ocr_line' id='line_1_23' title="bbox 134 2849 1287 2925; baseline 0.003 -20"><span class='ocrx_word' id='word_1_165' title='bbox 134 2849 205 2918; x_wconf 81' lang='lat' dir='ltr'>jetat</span> <span class='ocrx_word' id='word_1_166' title='bbox 223 2849 301 2905; x_wconf 86' lang='lat' dir='ltr'>nicht</span> <span class='ocrx_word' id='word_1_167' title='bbox 319 2851 399 2906; x_wconf 87' lang='lat' dir='ltr'>mehr</span> <span class='ocrx_word' id='word_1_168' title='bbox 416 2852 572 2908; x_wconf 85' lang='lat' dir='ltr'>bekannter</span> <span class='ocrx_word' id='word_1_169' title='bbox 590 2853 676 2909; x_wconf 85' lang='lat' dir='ltr'>codex</span> <span class='ocrx_word' id='word_1_170' title='bbox 694 2872 744 2908; x_wconf 87' lang='lat' dir='ltr'>ans</span> <span class='ocrx_word' id='word_1_171' title='bbox 762 2853 859 2910; x_wconf 90' lang='lat' dir='ltr'>Ulrich</span> <span class='ocrx_word' id='word_1_172' title='bbox 880 2855 937 2909; x_wconf 89' lang='lat' dir='ltr'>und</span> <span class='ocrx_word' id='word_1_173' title='bbox 956 2855 1027 2910; x_wconf 79' lang='lat' dir='ltr'>Alsa</span> <span class='ocrx_word' id='word_1_174' title='bbox 1045 2853 1131 2925; x_wconf 80' lang='lat' dir='ltr'>(wohl</span> <span class='ocrx_word' id='word_1_175' title='bbox 1149 2870 1200 2908; x_wconf 89' lang='lat' dir='ltr'>aus</span> <span class='ocrx_word' id='word_1_176' title='bbox 1218 2853 1287 2908; x_wconf 83' lang='lat' dir='ltr'>Lura</span> 
     </span>
     <span class='ocr_line' id='line_1_24' title="bbox 136 2936 1287 3008; baseline 0.006 -16"><span class='ocrx_word' id='word_1_177' title='bbox 136 2936 263 3007; x_wconf 86' lang='lat' dir='ltr'>eigenem</span> <span class='ocrx_word' id='word_1_178' title='bbox 280 2936 386 3008; x_wconf 87' lang='lat' dir='ltr'>besita),</span> <span class='ocrx_word' id='word_1_179' title='bbox 406 2939 579 2996; x_wconf 83' lang='lat' dir='ltr'>verceichnet</span> <span class='ocrx_word' id='word_1_180' title='bbox 598 2939 644 2996; x_wconf 87' lang='lat' dir='ltr'>bei</span> <span class='ocrx_word' id='word_1_181' title='bbox 662 2941 705 2996; x_wconf 88' lang='lat' dir='ltr'>Pl.</span> <span class='ocrx_word' id='word_1_182' title='bbox 717 2940 819 3006; x_wconf 83' lang='lat' dir='ltr'>Braun,</span> <span class='ocrx_word' id='word_1_183' title='bbox 837 2939 949 2997; x_wconf 86' lang='lat' dir='ltr'>Notitia</span> <span class='ocrx_word' id='word_1_184' title='bbox 961 2942 996 2997; x_wconf 91' lang='lat' dir='ltr'>de</span> <span class='ocrx_word' id='word_1_185' title='bbox 1014 2941 1092 3000; x_wconf 88' lang='lat' dir='ltr'>codd.</span> <span class='ocrx_word' id='word_1_186' title='bbox 1105 2957 1169 2996; x_wconf 88' lang='lat' dir='ltr'>mss.</span> <span class='ocrx_word' id='word_1_187' title='bbox 1183 2941 1229 3007; x_wconf 85' lang='lat' dir='ltr'>VI,</span> <span class='ocrx_word' id='word_1_188' title='bbox 1243 2943 1287 2999; x_wconf 82' lang='lat'>92.</span> 
     </span>
     <span class='ocr_line' id='line_1_25' title="bbox 137 3013 1288 3097; baseline 0.003 -17"><span class='ocrx_word' id='word_1_189' title='bbox 137 3013 209 3081; x_wconf 80' lang='lat' dir='ltr'>Uber</span> <span class='ocrx_word' id='word_1_190' title='bbox 223 3027 279 3080; x_wconf 83' lang='lat' dir='ltr'>Lur</span> <span class='ocrx_word' id='word_1_191' title='bbox 291 3025 349 3096; x_wconf 89' lang='lat' dir='ltr'>vgl.</span> <span class='ocrx_word' id='word_1_192' title='bbox 363 3025 408 3081; x_wconf 90' lang='lat' dir='ltr'>die</span> <span class='ocrx_word' id='word_1_193' title='bbox 419 3027 549 3097; x_wconf 77' lang='lat' dir='ltr'>folgende</span> <span class='ocrx_word' id='word_1_194' title='bbox 562 3030 639 3094; x_wconf 87' lang='lat' dir='ltr'>note;</span> <span class='ocrx_word' id='word_1_195' title='bbox 658 3028 752 3086; x_wconf 84' lang='lat' dir='ltr'>Gessel</span> <span class='ocrx_word' id='word_1_196' title='bbox 764 3027 803 3083; x_wconf 87' lang='lat' dir='ltr'>iat</span> <span class='ocrx_word' id='word_1_197' title='bbox 820 3029 922 3085; x_wconf 88' lang='lat' dir='ltr'>bereits</span> <span class='ocrx_word' id='word_1_198' title='bbox 935 3030 1007 3086; x_wconf 88' lang='lat' dir='ltr'>oben</span> <span class='ocrx_word' id='word_1_199' title='bbox 1026 3049 1066 3084; x_wconf 89' lang='lat' dir='ltr'>nr.</span> <span class='ocrx_word' id='word_1_200' title='bbox 1084 3029 1116 3086; x_wconf 89' lang='lat'>16</span> <span class='ocrx_word' id='word_1_201' title='bbox 1126 3047 1154 3086; x_wconf 91' lang='lat' dir='ltr'>u.</span> <span class='ocrx_word' id='word_1_202' title='bbox 1164 3030 1288 3086; x_wconf 74' lang='lat' dir='ltr'>stanter</span> 
     </span>
     <span class='ocr_line' id='line_1_26' title="bbox 136 3113 1289 3191; baseline 0.003 -23"><span class='ocrx_word' id='word_1_203' title='bbox 136 3113 188 3170; x_wconf 90' lang='lat' dir='ltr'>den</span> <span class='ocrx_word' id='word_1_204' title='bbox 201 3113 474 3172; x_wconf 82' lang='lat' dir='ltr'>freundenSchedels</span> <span class='ocrx_word' id='word_1_205' title='bbox 483 3120 618 3186; x_wconf 77' lang='lat' dir='ltr'>genennt,</span> <span class='ocrx_word' id='word_1_206' title='bbox 640 3120 707 3174; x_wconf 87' lang='grc'><strong>1436</strong></span> <span class='ocrx_word' id='word_1_207' title='bbox 717 3117 855 3172; x_wconf 88' lang='lat' dir='ltr'>erecheint</span> <span class='ocrx_word' id='word_1_208' title='bbox 868 3134 898 3173; x_wconf 90' lang='lat' dir='ltr'>er</span> <span class='ocrx_word' id='word_1_209' title='bbox 910 3119 953 3174; x_wconf 88' lang='lat' dir='ltr'>als</span> <span class='ocrx_word' id='word_1_210' title='bbox 965 3122 1129 3191; x_wconf 88' lang='lat' dir='ltr'>procurator</span> <span class='ocrx_word' id='word_1_211' title='bbox 1142 3118 1192 3174; x_wconf 89' lang='lat' dir='ltr'>der</span> <span class='ocrx_word' id='word_1_212' title='bbox 1209 3119 1289 3174; x_wconf 87' lang='lat' dir='ltr'>dent·</span> 
     </span>
     <span class='ocr_line' id='line_1_27' title="bbox 136 3200 1289 3278; baseline 0.003 -22"><span class='ocrx_word' id='word_1_213' title='bbox 136 3204 220 3257; x_wconf 88' lang='lat' dir='ltr'>seben</span> <span class='ocrx_word' id='word_1_214' title='bbox 239 3200 338 3258; x_wconf 86' lang='lat' dir='ltr'>nation</span> <span class='ocrx_word' id='word_1_215' title='bbox 360 3203 390 3256; x_wconf 92' lang='lat' dir='ltr'>in</span> <span class='ocrx_word' id='word_1_216' title='bbox 407 3202 542 3274; x_wconf 75' lang='lat' dir='ltr'>Bolognn,</span> <span class='ocrx_word' id='word_1_217' title='bbox 566 3206 632 3261; x_wconf 83' lang='grc'><strong>1437</strong></span> <span class='ocrx_word' id='word_1_218' title='bbox 652 3207 708 3260; x_wconf 87' lang='lat' dir='ltr'>und</span> <span class='ocrx_word' id='word_1_219' title='bbox 731 3204 799 3260; x_wconf 79' lang='lat'>1438</span> <span class='ocrx_word' id='word_1_220' title='bbox 829 3207 871 3262; x_wconf 90' lang='lat' dir='ltr'>als</span> <span class='ocrx_word' id='word_1_221' title='bbox 889 3206 1019 3278; x_wconf 89' lang='lat' dir='ltr'>publicus</span> <span class='ocrx_word' id='word_1_222' title='bbox 1037 3207 1163 3263; x_wconf 84' lang='lat' dir='ltr'>notarius</span> <span class='ocrx_word' id='word_1_223' title='bbox 1181 3205 1289 3262; x_wconf 79' lang='lat' dir='ltr'>abendo</span> 
     </span>
     <span class='ocr_line' id='line_1_28' title="bbox 136 3289 1289 3360; baseline 0.005 -18"><span class='ocrx_word' id='word_1_224' title='bbox 136 3307 156 3345; x_wconf 89' lang='lat' dir='ltr'>s.</span> <span class='ocrx_word' id='word_1_225' title='bbox 181 3289 363 3346; x_wconf 70' lang='lat' dir='ltr'>Friedltnder</span> <span class='ocrx_word' id='word_1_226' title='bbox 392 3291 450 3345; x_wconf 90' lang='lat' dir='ltr'>und</span> <span class='ocrx_word' id='word_1_227' title='bbox 469 3290 622 3360; x_wconf 85' lang='lat' dir='ltr'>Malugola,</span> <span class='ocrx_word' id='word_1_228' title='bbox 655 3295 728 3348; x_wconf 86' lang='lat' dir='ltr'>Acta</span> <span class='ocrx_word' id='word_1_229' title='bbox 745 3293 870 3349; x_wconf 90' lang='lat' dir='ltr'>nationis</span> <span class='ocrx_word' id='word_1_230' title='bbox 889 3293 1072 3351; x_wconf 80' lang='lat' dir='ltr'>Germanicae</span> <span class='ocrx_word' id='word_1_231' title='bbox 1097 3293 1289 3350; x_wconf 84' lang='lat' dir='ltr'>universitatis</span> 
     </span>
     <span class='ocr_line' id='line_1_29' title="bbox 137 3375 1290 3451; baseline 0.003 -18"><span class='ocrx_word' id='word_1_232' title='bbox 137 3375 318 3434; x_wconf 88' lang='lat' dir='ltr'>Bononiensis</span> <span class='ocrx_word' id='word_1_233' title='bbox 340 3379 396 3433; x_wconf 83' lang='lat'><strong>182.</strong></span> <span class='ocrx_word' id='word_1_234' title='bbox 419 3378 476 3433; x_wconf 82' lang='lat'>184.</span> <span class='ocrx_word' id='word_1_235' title='bbox 515 3378 560 3435; x_wconf 82' lang='lat' dir='ltr'>An</span> <span class='ocrx_word' id='word_1_236' title='bbox 580 3382 699 3434; x_wconf 75' lang='lat' dir='ltr'>crateres</span> <span class='ocrx_word' id='word_1_237' title='bbox 718 3380 800 3435; x_wconf 88' lang='lat' dir='ltr'>stelle</span> <span class='ocrx_word' id='word_1_238' title='bbox 818 3381 890 3436; x_wconf 90' lang='lat' dir='ltr'>noch</span> <span class='ocrx_word' id='word_1_239' title='bbox 907 3381 1054 3451; x_wconf 88' lang='lat' dir='ltr'>folgender</span> <span class='ocrx_word' id='word_1_240' title='bbox 1071 3381 1196 3448; x_wconf 85' lang='lat' dir='ltr'>eintrag:</span> <span class='ocrx_word' id='word_1_241' title='bbox 1220 3379 1290 3436; x_wconf 81' lang='lat' dir='ltr'>»Do-</span> 
     </span>
     <span class='ocr_line' id='line_1_30' title="bbox 140 3463 1290 3524; baseline 0.003 -6"><span class='ocrx_word' id='word_1_242' title='bbox 140 3463 232 3520; x_wconf 90' lang='lat' dir='ltr'>minus</span> <span class='ocrx_word' id='word_1_243' title='bbox 251 3465 411 3522; x_wconf 87' lang='lat' dir='ltr'>Leonardue</span> <span class='ocrx_word' id='word_1_244' title='bbox 425 3465 522 3522; x_wconf 80' lang='lat' dir='ltr'>Gtssel</span> <span class='ocrx_word' id='word_1_245' title='bbox 541 3465 747 3523; x_wconf 86' lang='lat' dir='ltr'>deFranconia</span> <span class='ocrx_word' id='word_1_246' title='bbox 766 3469 914 3523; x_wconf 86' lang='lat' dir='ltr'>canonieus</span> <span class='ocrx_word' id='word_1_247' title='bbox 933 3467 1045 3522; x_wconf 89' lang='lat' dir='ltr'>ecclesie</span> <span class='ocrx_word' id='word_1_248' title='bbox 1057 3469 1152 3524; x_wconf 85' lang='lat' dir='ltr'>Sancti</span> <span class='ocrx_word' id='word_1_249' title='bbox 1162 3466 1290 3522; x_wconf 86' lang='lat' dir='ltr'>Mauricii</span> 
     </span>
     <span class='ocr_line' id='line_1_31' title="bbox 140 3552 1290 3624; baseline 0.004 -19"><span class='ocrx_word' id='word_1_250' title='bbox 140 3552 330 3623; x_wconf 85' lang='lat' dir='ltr'>Augustensis,</span> <span class='ocrx_word' id='word_1_251' title='bbox 351 3556 441 3609; x_wconf 86' lang='lat' dir='ltr'>rector</span> <span class='ocrx_word' id='word_1_252' title='bbox 461 3553 646 3624; x_wconf 88' lang='lat' dir='ltr'>parrochialis</span> <span class='ocrx_word' id='word_1_253' title='bbox 666 3555 779 3610; x_wconf 89' lang='lat' dir='ltr'>ecclesie</span> <span class='ocrx_word' id='word_1_254' title='bbox 792 3554 823 3610; x_wconf 91' lang='lat' dir='ltr'>in</span> <span class='ocrx_word' id='word_1_255' title='bbox 833 3554 1060 3620; x_wconf 88' lang='lat' dir='ltr'>Remeterhusen,</span> <span class='ocrx_word' id='word_1_256' title='bbox 1079 3572 1185 3612; x_wconf 90' lang='lat' dir='ltr'>necnon</span> <span class='ocrx_word' id='word_1_257' title='bbox 1197 3558 1226 3611; x_wconf 89' lang='lat' dir='ltr'>et</span> <span class='ocrx_word' id='word_1_258' title='bbox 1245 3571 1290 3610; x_wconf 86' lang='lat' dir='ltr'>ca-</span> 
     </span>
     <span class='ocr_line' id='line_1_32' title="bbox 138 3639 1290 3713; baseline 0.003 -21"><span class='ocrx_word' id='word_1_259' title='bbox 138 3641 252 3696; x_wconf 88' lang='lat' dir='ltr'>nonieus</span> <span class='ocrx_word' id='word_1_260' title='bbox 270 3641 296 3694; x_wconf 87' lang='lat' dir='ltr'>S.</span> <span class='ocrx_word' id='word_1_261' title='bbox 318 3639 425 3696; x_wconf 80' lang='lat' dir='ltr'>Arsatii</span> <span class='ocrx_word' id='word_1_262' title='bbox 443 3640 474 3696; x_wconf 90' lang='lat' dir='ltr'>in</span> <span class='ocrx_word' id='word_1_263' title='bbox 498 3641 694 3697; x_wconf 80' lang='lat' dir='ltr'>Ylenmdnster</span> <span class='ocrx_word' id='word_1_264' title='bbox 716 3641 862 3697; x_wconf 78' lang='lat' dir='ltr'>Frisiensis</span> <span class='ocrx_word' id='word_1_265' title='bbox 890 3642 1004 3699; x_wconf 86' lang='lat' dir='ltr'>diocesis</span> <span class='ocrx_word' id='word_1_266' title='bbox 1024 3641 1070 3713; x_wconf 91' lang='lat' dir='ltr'>[al.</span> <span class='ocrx_word' id='word_1_267' title='bbox 1089 3661 1177 3704; x_wconf 79' lang='lat' dir='ltr'>man:</span> <span class='ocrx_word' id='word_1_268' title='bbox 1208 3642 1290 3699; x_wconf 86' lang='lat' dir='ltr'>hodie</span> 
     </span>
     <span class='ocr_line' id='line_1_33' title="bbox 138 3728 1289 3801; baseline 0.003 -21"><span class='ocrx_word' id='word_1_269' title='bbox 138 3728 257 3782; x_wconf 83' lang='lat' dir='ltr'>vicarius</span> <span class='ocrx_word' id='word_1_270' title='bbox 280 3728 419 3798; x_wconf 77' lang='lat' dir='ltr'>generalis</span> <span class='ocrx_word' id='word_1_271' title='bbox 444 3728 550 3783; x_wconf 90' lang='lat' dir='ltr'>domini</span> <span class='ocrx_word' id='word_1_272' title='bbox 576 3729 729 3784; x_wconf 89' lang='lat' dir='ltr'>cardinalis</span> <span class='ocrx_word' id='word_1_273' title='bbox 756 3733 785 3784; x_wconf 89' lang='lat' dir='ltr'>et</span> <span class='ocrx_word' id='word_1_274' title='bbox 814 3729 936 3801; x_wconf 88' lang='lat' dir='ltr'>episcopi</span> <span class='ocrx_word' id='word_1_275' title='bbox 954 3730 1138 3800; x_wconf 71' lang='lat' dir='ltr'>augustensis</span> <span class='ocrx_word' id='word_1_276' title='bbox 1157 3729 1289 3800; x_wconf 85' lang='lat' dir='ltr'>dyocesis]</span> 
     </span>
     <span class='ocr_line' id='line_1_34' title="bbox 138 3815 1290 3874; baseline 0 -4"><span class='ocrx_word' id='word_1_277' title='bbox 138 3815 215 3872; x_wconf 89' lang='lat' dir='ltr'>dedit</span> <span class='ocrx_word' id='word_1_278' title='bbox 235 3835 250 3870; x_wconf 87' lang='lat' dir='ltr'>x</span> <span class='ocrx_word' id='word_1_279' title='bbox 268 3817 371 3872; x_wconf 88' lang='lat' dir='ltr'>solidos</span> <span class='ocrx_word' id='word_1_280' title='bbox 391 3817 626 3874; x_wconf 76' lang='lat' dir='ltr'>Bononinorum.«</span> <span class='ocrx_word' id='word_1_281' title='bbox 664 3819 725 3872; x_wconf 89' lang='lat' dir='ltr'>Ihm</span> <span class='ocrx_word' id='word_1_282' title='bbox 743 3817 874 3873; x_wconf 85' lang='lat' dir='ltr'>widmete</span> <span class='ocrx_word' id='word_1_283' title='bbox 892 3817 1048 3873; x_wconf 90' lang='lat' dir='ltr'>Blumenau</span> <span class='ocrx_word' id='word_1_284' title='bbox 1068 3819 1134 3872; x_wconf 84' lang='grc'><strong>1451</strong></span> <span class='ocrx_word' id='word_1_285' title='bbox 1153 3818 1227 3872; x_wconf 84' lang='lat' dir='ltr'>seina</span> <span class='ocrx_word' id='word_1_286' title='bbox 1242 3817 1290 3870; x_wconf 89' lang='lat' dir='ltr'>Hi·</span> 
     </span>
     <span class='ocr_line' id='line_1_35' title="bbox 138 3902 1289 3973; baseline 0.002 -17"><span class='ocrx_word' id='word_1_287' title='bbox 138 3903 225 3960; x_wconf 89' lang='lat' dir='ltr'>storia</span> <span class='ocrx_word' id='word_1_288' title='bbox 243 3902 279 3957; x_wconf 89' lang='lat' dir='ltr'>de</span> <span class='ocrx_word' id='word_1_289' title='bbox 296 3903 395 3960; x_wconf 88' lang='lat' dir='ltr'>ordine</span> <span class='ocrx_word' id='word_1_290' title='bbox 413 3904 651 3962; x_wconf 81' lang='lat' dir='ltr'>Theutonicorum</span> <span class='ocrx_word' id='word_1_291' title='bbox 669 3905 865 3963; x_wconf 84' lang='lat' dir='ltr'>cruciferorum</span> <span class='ocrx_word' id='word_1_292' title='bbox 886 3905 941 3973; x_wconf 80' lang='lat' dir='ltr'><strong>[SS.</strong></span> <span class='ocrx_word' id='word_1_293' title='bbox 959 3923 1012 3962; x_wconf 91' lang='lat' dir='ltr'>rer.</span> <span class='ocrx_word' id='word_1_294' title='bbox 1034 3905 1224 3960; x_wconf 88' lang='lat' dir='ltr'>Prussioarum</span> <span class='ocrx_word' id='word_1_295' title='bbox 1242 3903 1289 3969; x_wconf 88' lang='lat' dir='ltr'>lV,</span> 
     </span>
     <span class='ocr_line' id='line_1_36' title="bbox 136 3990 1291 4061; baseline 0.001 -17"><span class='ocrx_word' id='word_1_296' title='bbox 136 3991 264 4060; x_wconf 74' lang='lat'><strong>35-671.</strong></span> <span class='ocrx_word' id='word_1_297' title='bbox 301 3990 355 4046; x_wconf 83' lang='lat' dir='ltr'>Elin</span> <span class='ocrx_word' id='word_1_298' title='bbox 372 3992 625 4061; x_wconf 85' lang='lat' dir='ltr'>reahtsgutaahtsn</span> <span class='ocrx_word' id='word_1_299' title='bbox 650 4010 705 4049; x_wconf 85' lang='lat' dir='ltr'>von</span> <span class='ocrx_word' id='word_1_300' title='bbox 722 3993 782 4047; x_wconf 91' lang='lat' dir='ltr'>ihm</span> <span class='ocrx_word' id='word_1_301' title='bbox 807 3992 935 4048; x_wconf 79' lang='lat' dir='ltr'>erwthnt</span> <span class='ocrx_word' id='word_1_302' title='bbox 953 3993 1113 4048; x_wconf 88' lang='lat' dir='ltr'>Herrmann</span> <span class='ocrx_word' id='word_1_303' title='bbox 1130 3993 1159 4046; x_wconf 90' lang='lat' dir='ltr'>in</span> <span class='ocrx_word' id='word_1_304' title='bbox 1178 3992 1206 4046; x_wconf 91' lang='lat' dir='ltr'>d.</span> <span class='ocrx_word' id='word_1_305' title='bbox 1224 3993 1291 4048; x_wconf 80' lang='lat' dir='ltr'>Ger-</span> 
     </span>
     <span class='ocr_line' id='line_1_37' title="bbox 139 4077 1291 4146; baseline 0.002 -14"><span class='ocrx_word' id='word_1_306' title='bbox 139 4078 237 4135; x_wconf 87' lang='lat' dir='ltr'>mania</span> <span class='ocrx_word' id='word_1_307' title='bbox 255 4079 367 4144; x_wconf 84' lang='lat' dir='ltr'>XXXV,</span> <span class='ocrx_word' id='word_1_308' title='bbox 386 4079 429 4146; x_wconf 84' lang='grc'>48,</span> <span class='ocrx_word' id='word_1_309' title='bbox 448 4077 494 4134; x_wconf 90' lang='lat' dir='ltr'>ein</span> <span class='ocrx_word' id='word_1_310' title='bbox 513 4080 630 4135; x_wconf 86' lang='lat' dir='ltr'>anderes</span> <span class='ocrx_word' id='word_1_311' title='bbox 657 4081 687 4134; x_wconf 92' lang='lat' dir='ltr'>in</span> <span class='ocrx_word' id='word_1_312' title='bbox 706 4080 763 4136; x_wconf 88' lang='lat' dir='ltr'>cod.</span> <span class='ocrx_word' id='word_1_313' title='bbox 783 4081 833 4136; x_wconf 88' lang='grc'>664</span> <span class='ocrx_word' id='word_1_314' title='bbox 844 4082 874 4134; x_wconf 77' lang='lat'>2⁰</span> <span class='ocrx_word' id='word_1_315' title='bbox 898 4082 946 4136; x_wconf 88' lang='lat' dir='ltr'>der</span> <span class='ocrx_word' id='word_1_316' title='bbox 965 4080 1117 4135; x_wconf 82' lang='lat' dir='ltr'>Miinohner</span> <span class='ocrx_word' id='word_1_317' title='bbox 1141 4077 1291 4134; x_wconf 75' lang='lat' dir='ltr'>unia-bib-</span> 
     </span>
     <span class='ocr_line' id='line_1_38' title="bbox 140 4165 1292 4237; baseline 0.002 -19"><span class='ocrx_word' id='word_1_318' title='bbox 140 4165 277 4222; x_wconf 88' lang='lat' dir='ltr'>liothekf.</span> <span class='ocrx_word' id='word_1_319' title='bbox 290 4165 348 4230; x_wconf 88' lang='lat'>100,</span> <span class='ocrx_word' id='word_1_320' title='bbox 370 4168 426 4236; x_wconf 85' lang='lat' dir='ltr'>vgl.</span> <span class='ocrx_word' id='word_1_321' title='bbox 441 4168 460 4220; x_wconf 85' lang='lat' dir='ltr'>f.</span> <span class='ocrx_word' id='word_1_322' title='bbox 473 4167 530 4222; x_wconf 88' lang='grc'>148.</span> <span class='ocrx_word' id='word_1_323' title='bbox 559 4166 627 4221; x_wconf 79' lang='lat' dir='ltr'>Eine</span> <span class='ocrx_word' id='word_1_324' title='bbox 648 4165 835 4222; x_wconf 85' lang='lat' dir='ltr'>interessente</span> <span class='ocrx_word' id='word_1_325' title='bbox 853 4167 1013 4237; x_wconf 86' lang='lat' dir='ltr'>geschichte</span> <span class='ocrx_word' id='word_1_326' title='bbox 1033 4169 1100 4222; x_wconf 82' lang='lat' dir='ltr'>iiber</span> <span class='ocrx_word' id='word_1_327' title='bbox 1117 4166 1166 4220; x_wconf 89' lang='lat' dir='ltr'>ihn</span> <span class='ocrx_word' id='word_1_328' title='bbox 1181 4165 1292 4220; x_wconf 79' lang='lat' dir='ltr'>Sttdte·</span> 
     </span>
     <span class='ocr_line' id='line_1_39' title="bbox 140 4251 1292 4324; baseline 0 -16"><span class='ocrx_word' id='word_1_329' title='bbox 140 4251 299 4311; x_wconf 77' lang='lat' dir='ltr'>Chroniken</span> <span class='ocrx_word' id='word_1_330' title='bbox 318 4253 352 4318; x_wconf 85' lang='lat' dir='ltr'>V,</span> <span class='ocrx_word' id='word_1_331' title='bbox 371 4255 431 4319; x_wconf 84' lang='lat'>268,</span> <span class='ocrx_word' id='word_1_332' title='bbox 450 4254 541 4318; x_wconf 84' lang='lat' dir='ltr'>XXll,</span> <span class='ocrx_word' id='word_1_333' title='bbox 563 4256 629 4319; x_wconf 85' lang='lat'>181;</span> <span class='ocrx_word' id='word_1_334' title='bbox 649 4254 756 4308; x_wconf 81' lang='lat' dir='ltr'>Franks</span> <span class='ocrx_word' id='word_1_335' title='bbox 777 4256 906 4310; x_wconf 85' lang='lat' dir='ltr'>Annalen</span> <span class='ocrx_word' id='word_1_336' title='bbox 926 4254 955 4308; x_wconf 91' lang='lat' dir='ltr'>in</span> <span class='ocrx_word' id='word_1_337' title='bbox 971 4253 1127 4324; x_wconf 21' lang='lat' dir='ltr'>*Steicheles</span> <span class='ocrx_word' id='word_1_338' title='bbox 1147 4254 1248 4308; x_wconf 82' lang='lat' dir='ltr'>Archiv</span> <span class='ocrx_word' id='word_1_339' title='bbox 1261 4254 1292 4317; x_wconf 88' lang='lat' dir='ltr'>ll,</span> 
     </span>
     <span class='ocr_line' id='line_1_40' title="bbox 140 4341 917 4412; baseline -0.001 -16"><span class='ocrx_word' id='word_1_340' title='bbox 140 4343 197 4398; x_wconf 80' lang='lat'>112.</span> <span class='ocrx_word' id='word_1_341' title='bbox 232 4341 288 4396; x_wconf 89' lang='lat' dir='ltr'>Das</span> <span class='ocrx_word' id='word_1_342' title='bbox 308 4342 385 4398; x_wconf 89' lang='lat' dir='ltr'>beste</span> <span class='ocrx_word' id='word_1_343' title='bbox 405 4343 494 4412; x_wconf 81' lang='lat' dir='ltr'>geben</span> <span class='ocrx_word' id='word_1_344' title='bbox 513 4341 559 4398; x_wconf 89' lang='lat' dir='ltr'>die</span> <span class='ocrx_word' id='word_1_345' title='bbox 577 4343 803 4412; x_wconf 84' lang='lat' dir='ltr'>nachfolgenden</span> <span class='ocrx_word' id='word_1_346' title='bbox 821 4343 917 4398; x_wconf 83' lang='lat' dir='ltr'>briele.</span> 
     </span>
    </p>

    <p class='ocr_par' dir='ltr' id='par_1_9' title="bbox 140 4427 1293 4588">
     <span class='ocr_line' id='line_1_41' title="bbox 211 4427 1293 4500; baseline 0.001 -16"><span class='ocrx_word' id='word_1_347' title='bbox 211 4433 223 4484; x_wconf 98' lang='lat' dir='ltr'>l</span> <span class='ocrx_word' id='word_1_348' title='bbox 244 4427 416 4500; x_wconf 75' lang='lat' dir='ltr'>lnheipzig3</span> <span class='ocrx_word' id='word_1_349' title='bbox 437 4447 458 4484; x_wconf 90' lang='lat' dir='ltr'>s.</span> <span class='ocrx_word' id='word_1_350' title='bbox 472 4429 500 4486; x_wconf 68' lang='lat' dir='ltr'>l&#39;.</span> <span class='ocrx_word' id='word_1_351' title='bbox 514 4429 645 4496; x_wconf 84' lang='lat' dir='ltr'>Zarncke,</span> <span class='ocrx_word' id='word_1_352' title='bbox 665 4430 715 4485; x_wconf 89' lang='lat' dir='ltr'>Die</span> <span class='ocrx_word' id='word_1_353' title='bbox 735 4430 939 4486; x_wconf 86' lang='lat' dir='ltr'>urkundlicben</span> <span class='ocrx_word' id='word_1_354' title='bbox 959 4430 1076 4495; x_wconf 79' lang='lat' dir='ltr'>Quellen</span> <span class='ocrx_word' id='word_1_355' title='bbox 1092 4448 1115 4484; x_wconf 78' lang='lat' dir='ltr'>a.</span> <span class='ocrx_word' id='word_1_356' title='bbox 1128 4429 1225 4490; x_wconf 80' lang='lat' dir='ltr'>Gesch.</span> <span class='ocrx_word' id='word_1_357' title='bbox 1244 4431 1293 4485; x_wconf 87' lang='lat' dir='ltr'>der</span> 
     </span>
     <span class='ocr_line' id='line_1_42' title="bbox 140 4515 1292 4588; baseline 0 -17"><span class='ocrx_word' id='word_1_358' title='bbox 140 4515 221 4573; x_wconf 87' lang='lat' dir='ltr'>Univ.</span> <span class='ocrx_word' id='word_1_359' title='bbox 243 4516 357 4586; x_wconf 83' lang='lat' dir='ltr'>Leipzig</span> <span class='ocrx_word' id='word_1_360' title='bbox 376 4518 614 4588; x_wconf 70' lang='lat' dir='ltr'>[abhandlungen</span> <span class='ocrx_word' id='word_1_361' title='bbox 642 4517 668 4572; x_wconf 90' lang='lat' dir='ltr'>d.</span> <span class='ocrx_word' id='word_1_362' title='bbox 687 4518 774 4572; x_wconf 80' lang='lat' dir='ltr'>stchs.</span> <span class='ocrx_word' id='word_1_363' title='bbox 797 4517 981 4574; x_wconf 85' lang='lat' dir='ltr'>Gesellsehaft</span> <span class='ocrx_word' id='word_1_364' title='bbox 1000 4518 1025 4571; x_wconf 91' lang='lat' dir='ltr'>d.</span> <span class='ocrx_word' id='word_1_365' title='bbox 1045 4517 1292 4574; x_wconf 83' lang='lat' dir='ltr'>Wissensobalten.</span> 
     </span>
    </p>

    <p class='ocr_par' dir='ltr' id='par_1_10' title="bbox 1041 4605 1083 4662">
     <span class='ocr_line' id='line_1_43' title="bbox 1041 4605 1083 4662; baseline 0 -23"><span class='ocrx_word' id='word_1_366' title='bbox 1041 4605 1083 4662; x_wconf 78' lang='lat' dir='ltr'>gs</span> 
     </span>
    </p>
   </div>
   <div class='ocr_carea' id='block_1_7' title="bbox 0 0 1566 5236">
    <p class='ocr_par' dir='ltr' id='par_1_11' title="bbox 0 0 1566 5236">
     <span class='ocr_line' id='line_1_44' title="bbox 0 0 1566 5236; baseline 0 0"><span class='ocrx_word' id='word_1_367' title='bbox 0 0 1566 5236; x_wconf 95' lang='lat' dir='ltr'> </span> 
     </span>
    </p>
   </div>
  </div>
 </body>
</html>
