3106 5246
786 465 849 530 150

240 645 304 709 tale
326 664 534 727 responsum,
563 640 645 726 quod
669 640 732 706 scio
755 645 788 705 te
812 662 908 706 curvo
940 642 1032 706 oculo
1055 646 1087 705 et
1111 640 1197 705 elato
1220 641 1391 724 supercilio

239 749 434 814 auditurum.
480 743 573 812 Unde
595 747 723 810 intuens
747 767 807 830 ego
829 746 912 810 atria
935 747 1119 830 principum
1147 751 1180 810 et
1203 745 1392 810 consistoria

239 855 402 941 presulum
433 852 499 916 vidi
522 851 616 931 viros,
641 872 720 936 quos
742 851 868 915 inflavit
891 851 985 916 buius
1009 851 1118 915 mundi
1142 849 1313 934 sapiencia,
1337 872 1390 914 ca·

240 981 359 1026 nonum
381 962 414 1023 et
442 957 551 1040 legum
575 961 706 1022 ventosa
729 956 922 1041 loquacitas,
954 957 1031 1037 vidi,
1056 978 1134 1041 quos
1158 956 1304 1039 agitabat
1326 957 1393 1040 spi·

241 1067 322 1131 ritus
338 1066 435 1130 huius
452 1064 571 1143 mundi,
594 1064 727 1147 spiritus
750 1063 918 1148 vertiginis
941 1070 973 1127 et
997 1062 1123 1140 erroris,
1147 1060 1223 1140 vidi,
1245 1084 1324 1147 quos
1342 1083 1392 1126 os·

240 1173 347 1238 culata
380 1171 444 1236 fuit
476 1169 605 1234 domina
636 1169 790 1246 ambicio,
822 1190 883 1253 que
909 1169 948 1232 ad
984 1188 1174 1253 magnarum
1205 1167 1395 1233 diviciarum

241 1277 581 1361 multiplicitatemque
590 1275 626 1359 (l)
639 1275 861 1340 beneficiorum
875 1273 1119 1359 acquisitionem
1133 1271 1252 1337 excitat
1263 1277 1295 1336 et
1308 1293 1392 1336 sem·

241 1405 299 1467 per
322 1382 426 1466 aperit
448 1382 564 1467 hyatus
580 1381 761 1465 ampliores.
800 1379 885 1461 Vidi,
909 1379 1050 1465 inquam,
1075 1379 1170 1458 viros,
1194 1374 1288 1463 [quib
1313 1398 1393 1461 quo-

241 1488 463 1571 cienscumque
486 1487 525 1551 ad
548 1507 601 1551 eos
625 1486 663 1550 fit
682 1486 854 1572 ingressus,
879 1506 941 1550 non
969 1484 1084 1549 faciem
1107 1483 1160 1547 sed
1184 1504 1315 1546 manum
1337 1482 1393 1546 ad-

241 1593 402 1657 ventantis
425 1591 606 1670 attendunt,
631 1590 721 1675 quasi
745 1611 869 1672 semper
892 1611 1023 1652 munera
1047 1587 1217 1671 recepturi,
1240 1581 1319 1652 alias
1342 1587 1393 1651 iu·

242 1697 364 1762 stitiam
389 1695 520 1760 minime
534 1694 761 1760 ministraturi.
806 1692 980 1758 Cernebam
1002 1694 1138 1778 denique
1152 1692 1393 1757 multitudinem

243 1823 402 1886 magnam,
426 1823 522 1886 quam
545 1821 637 1864 nemo
660 1821 827 1864 nunrerare
851 1804 993 1882 poterat,
1018 1799 1074 1884 qui
1096 1817 1205 1863 omnes
1228 1820 1247 1862 a
1269 1797 1396 1862 minore

240 1929 340 1992 usque
369 1907 408 1970 ad
443 1895 609 1970 maiorem
625 1905 762 1970 avaricie
784 1905 913 1971 student
945 1909 977 1970 et
1008 1905 1207 1988 apropheta
1230 1925 1331 1988 usqua
1355 1904 1396 1968 ad

241 2012 434 2078 sacerdotem
468 2013 574 2076 cuncti
607 2010 713 2075 dolum
746 2009 882 2091 faciunt,
915 2015 951 2075 ut
973 2014 1047 2075 utar
1068 2010 1174 2075 verbis
1198 2007 1338 2074 Jeremie
1362 2013 1396 2073 et

242 2117 395 2182 Zacharia
419 2116 651 2200 prophetarum
666 2116 688 2181 ¹.
736 2115 1001 2180 Animadvertens
1024 2134 1084 2198 ego
1101 2114 1160 2178 bec
1182 2119 1214 2178 et
1237 2115 1397 2199 quomodo

243 2223 421 2308 qualiterve
443 2222 569 2286 odiosus
593 2222 636 2286 sit
660 2221 778 2285 mundo
810 2221 925 2305 titulus
948 2221 1165 2304 paupertatis,
1199 2241 1397 2306 quamquam

241 2328 326 2412 apud
350 2327 442 2391 deum
466 2327 509 2390 sit
532 2327 704 2412 gloriosus,
729 2326 805 2411 quia
827 2326 872 2410 hij
897 2347 1005 2391 omnes
1033 2325 1183 2392 honorati
1211 2326 1320 2410 eisque
1344 2326 1393 2390 di·

241 2433 322 2498 vicie
344 2454 466 2497 annexa
482 2432 581 2512 fuere,
599 2432 753 2497 desiderio
769 2431 985 2496 desiderabam
1001 2453 1069 2496 esse
1091 2431 1125 2496 in
1142 2431 1253 2496 aulicis
1269 2432 1392 2495 tumul-

242 2538 385 2607 tibuset
407 2541 520 2621 potare
542 2559 658 2622 aquam
675 2539 712 2601 de
728 2540 824 2620 puteo
840 2535 990 2615 Samaria,
1015 2559 1077 2622 que
1098 2536 1170 2621 plus
1194 2540 1304 2619 potate
1320 2536 1395 2620 plus

242 2642 418 2707 accendunt
439 2641 575 2706 avaricie
598 2641 686 2706 sitim
710 2644 742 2706 et
764 2663 925 2725 nunquam
952 2641 1078 2705 saciant
1105 2640 1243 2705 humane
1276 2662 1395 2706 concu-

241 2748 397 2833 piscencie
420 2748 564 2832 hyatum‚
588 2751 621 2812 et
644 2747 719 2831 quia
741 2746 872 2832 nequivi
895 2767 961 2810 esse
983 2745 1105 2810 aulicus
1128 2749 1277 2830 acceptus
1302 2747 1394 2810 iuxta

242 2853 396 2937 temporis
419 2853 609 2938 qualitatem
633 2853 701 2916 sine
724 2851 827 2917 multa
849 2850 1019 2915 dolositate
1050 2855 1082 2915 et
1104 2851 1235 2934 vulpina
1261 2852 1394 2931 astucia,

242 2959 312 3023 ideo
336 2958 518 3022 intencione
541 2961 696 3042 corrupta
719 2956 866 3041 elongavi
891 2978 940 3019 me
962 2979 982 3020 a
1004 2955 1088 3020 linea
1110 2956 1191 3021 recti
1214 2957 1340 3020 itineris
1363 2961 1398 3020 et

240 3086 291 3129 me
314 3063 489 3143 transtuli,
521 3068 558 3128 ut
582 3063 791 3146 premittitur.
840 3061 882 3125 Et
904 3061 985 3125 inibi
1017 3061 1116 3126 eciam
1147 3063 1233 3126 inter
1256 3061 1321 3126 alia
1343 3084 1395 3126 ar-

243 3168 371 3232 dencius
393 3166 468 3251 legi,
496 3168 578 3252 quod
603 3167 688 3232 facta
711 3173 759 3232 est
781 3169 947 3232 contencio
970 3167 1055 3232 inter
1073 3167 1244 3250 discipulos
1261 3166 1395 3245 Christi,

243 3274 314 3358 quis
337 3294 445 3337 eorum
470 3273 631 3337 videretur
654 3294 720 3338 esse
742 3273 845 3339 maior
861 3273 1008 3358 quodque
1024 3272 1241 3337 multitudinis
1264 3273 1394 3337 creden-

242 3380 325 3445 oium
342 3382 409 3442 erat
426 3399 594 3444 cornuum
611 3382 642 3444 et
654 3379 760 3443 anima
777 3401 840 3442 una
853 3375 876 3442 ⁹.
924 3378 1091 3462 Multoque
1106 3377 1248 3442 tenacius
1264 3378 1395 3460 retinui,

242 3483 324 3567 quod
359 3481 444 3548 facta
477 3488 525 3547 est
556 3484 707 3548 dissensio
741 3485 826 3548 inter
850 3482 1031 3548 Barnabam
1055 3487 1087 3547 et
1110 3481 1263 3561 Paulum,
1288 3481 1336 3546 ita
1360 3487 1396 3546 ut

241 3588 438 3654 discederent
473 3585 660 3669 abinvicem,
696 3589 843 3674 quodque
865 3589 948 3653 idem
977 3587 1094 3654 Paulus
1126 3588 1189 3652 ait:
1231 3587 1332 3652 »Cum
1356 3589 1399 3652 sit

240 3697 324 3758 inter
346 3715 402 3758 vos
424 3694 509 3760 aelus
532 3699 566 3759 et
588 3694 763 3774 contencio,
788 3715 894 3760 nonne
921 3694 1064 3759 carnales
1088 3696 1177 3772 estis,
1200 3714 1309 3757 nonne
1334 3692 1391 3757 ho·

243 3799 344 3863 mines
360 3799 508 3865 estisw
543 3799 757 3885 Frequencius
774 3800 914 3879 recitavi,
938 3798 1122 3884 quodfacto
1144 3801 1192 3862 est
1215 3797 1285 3862 rixa
1308 3799 1395 3863 inter

242 3908 385 3988 pastores
408 3925 544 3990 gregum
572 3904 736 3968 Abrabam
760 3909 793 3968 et
817 3903 921 3984 Loth,
952 3905 1099 3990 quodque
1121 3904 1203 3969 idem
1232 3903 1396 3968 Abraham

242 4010 443 4094 recuperavit
472 4011 505 4074 in
537 4010 639 4094 prelio
665 4009 748 4074 Loth
780 4015 812 4076 et
840 4011 1055 4075 substanciam
1085 4009 1162 4074 eius.
1219 4007 1268 4072 Ibi
1306 4009 1396 4074 deni-

242 4137 303 4199 que
328 4120 360 4180 et
382 4116 415 4178 in
437 4117 556 4181 mundo
588 4116 702 4197 didici,
738 4117 821 4201 quod
845 4117 901 4201 qni
932 4116 1005 4182 vult
1027 4137 1139 4199 capere
1163 4136 1271 4195 avem,
1305 4115 1398 4179 debet

241 4224 349 4304 tegere
384 4221 495 4297 rethe,
534 4222 618 4306 quod
652 4223 678 4285 si
713 4223 784 4307 quis
817 4223 886 4288 vult
929 4226 1067 4286 mactare
1093 4221 1264 4300 thaurum,
1301 4243 1394 4304 quern

242 4346 304 4390 non
332 4330 438 4409 potest
466 4326 587 4390 viribus
619 4328 810 4413 subiugare,
842 4328 939 4392 fricat
971 4327 1117 4392 manibus
1146 4326 1212 4390 eius
1242 4325 1393 4394 frontem.

314 4555 327 4606 1
349 4553 484 4607 Jeremias
502 4554 526 4618 6,
549 4553 590 4608 13.
662 4555 679 4608 2
700 4555 761 4608 Act.
780 4497 866 4618 4,*32.
938 4555 954 4607 3
975 4553 996 4607 1.
1018 4550 1144 4632 Corinth.
1164 4551 1189 4616 3,
1208 4555 1233 4608 3.
