3092 5244
692 483 753 549 133

236 657 376 722 Primum
411 661 447 720 ut
477 657 642 723 illecebras
675 657 767 722 huius
799 656 907 721 mundi
942 657 1102 740 expellere
1125 658 1298 737 valeamus,

13 732 18 775 τ
145 763 285 828 horteris
308 785 414 830 amore
436 763 616 829 divinarum
639 785 744 829 rerum
766 763 849 828 vicia
870 784 1029 848 superare,
1054 764 1123 829 ocia
1149 785 1298 847 spernere

13 873 14 877 ’
145 873 205 934 etc.
252 867 419 934 Carissimo
442 868 553 949 frater,
577 871 651 955 quid
677 871 709 934 ni
733 869 869 935 delectet
898 891 935 934 ac
958 868 1109 952 placeat?
1146 867 1203 932 Nil
1226 890 1297 933 sen·

145 972 328 1050 tenciosius,
338 973 387 1038 nil
395 975 509 1041 verius.
526 972 701 1040 lneffabilis
713 974 749 1060 [f.
756 971 847 1061 261⁶]
857 974 906 1038 dei
917 973 1089 1039 clemencia
1097 974 1131 1038 in
1144 973 1229 1038 hunc
1241 994 1298 1039 nos

147 1080 302 1144 mundum
324 1078 501 1160 collocavit,
525 1084 562 1145 ut
585 1080 701 1145 bonum
718 1100 887 1163 operemur
902 1083 934 1144 et
950 1101 1012 1145 non
1026 1079 1178 1145 oriemur.
1219 1077 1296 1144 Ocio

12 1211 13 1241 l
145 1184 229 1248 enirn
254 1185 388 1268 quadarn
413 1185 501 1269 turpi
525 1184 672 1270 rubigine
696 1205 745 1250 res
768 1186 866 1250 eciam
889 1184 974 1250 clare
997 1183 1182 1264 fuscantur,
1207 1204 1296 1248 exer-

146 1288 223 1352 oioio
256 1289 421 1354 tenebrose
445 1289 632 1354 clarescunt.
678 1287 789 1355 Ouium
813 1289 911 1354 eciam
939 1287 1005 1376 [ad]
1029 1289 1178 1355 libidines
1202 1293 1234 1353 et
1258 1289 1296 1352 ad

10 1398 14 1412 '
145 1394 801 1479 ornnemintemperanciampronosefficit.
825 1395 1032 1479 Quaquidem
1048 1393 1297 1478 intemperanoia

145 1521 207 1563 una
224 1520 295 1563 curn
312 1502 534 1583 corporevires
545 1499 649 1565 anime
664 1500 826 1583 sepissime
842 1499 977 1584 periere.
1002 1498 1199 1564 Fructiosior
1213 1497 1296 1561 euim

11 1604 15 1615 '
147 1605 286 1668 humano
300 1605 410 1688 generi
420 1605 488 1670 rita
496 1610 544 1670 est
556 1605 595 1669 ad
606 1603 787 1670 claritatem
799 1604 1104 1689 amplitudinemque
1113 1602 1297 1688 optabilior,

145 1731 204 1794 que
227 1708 267 1772 ad
299 1729 348 1773 res
370 1710 523 1793 gerendas
550 1710 752 1776 accomodata
774 1715 830 1775 est.
877 1709 983 1775 Labor
1017 1710 1100 1774 enim
1127 1728 1296 1792 generosos

11 1829 12 1842 ¹
144 1814 266 1878 animos
282 1815 394 1880 nutrit.
441 1814 543 1882 David
556 1816 708 1901 quamdiu
724 1816 865 1881 exercuit
881 1814 966 1880 bella
986 1815 1115 1896 domini,
1131 1817 1296 1880 continens

143 1918 216 1997 fuit,
240 1923 383 2002 tempore
407 1942 483 1986 vero
497 1921 557 2005 ocij
577 1920 769 1986 adulterium
793 1921 962 1986 commisit.
1011 1918 1160 1985 Salomon
1184 1940 1295 2004 quam-

143 2023 197 2088 diu
219 2029 391 2107 oooupatus
413 2026 497 2090 circa
521 2025 633 2109 templi
649 2023 803 2090 fabricam
821 2022 893 2105 iuit,
917 2047 1024 2091 amore
1045 2025 1215 2090 libidinoso
1231 2045 1294 2089 nou

143 2127 207 2192 fnit
229 2127 419 2210 infatuatus,
445 2131 528 2196 siout
550 2135 720 2215 postquam
743 2130 847 2195 iactus
862 2134 910 2195 cst
927 2131 1059 2197 ociosus.
1109 2129 1295 2196 Jocunditas

143 2233 321 2317 spiritualis
358 2256 414 2318 per
437 2236 542 2301 ocium
565 2235 777 2318 extinguitur,
801 2257 838 2300 ex
860 2234 1082 2301 habundancia
1108 2232 1295 2322 [inpempe-

10 2393 11 2438 3
142 2338 361 2426 rancia[que]¹
389 2341 451 2406 cibi
475 2347 508 2406 et
529 2347 634 2425 potus,
659 2363 720 2426 que
743 2346 819 2406 suut
840 2341 971 2407 comites
994 2341 1067 2424 ocij,
1090 2339 1148 2404 hec
1173 2343 1206 2404 et
1227 2338 1294 2403 for·

142 2443 224 2508 sitan
247 2446 369 2512 maiora
391 2452 586 2532 generantur
609 2447 698 2512 vicia.
747 2446 785 2511 In
802 2447 932 2513 modicis
948 2447 1028 2512 escis
1043 2450 1128 2511 certe
1157 2450 1190 2509 et
1205 2445 1294 2510 nulla

140 2550 326 2615 mortalium
370 2550 503 2616 solercia
534 2551 713 2634 preparatis
747 2551 884 2634 simplex
922 2554 1126 2616 contentatur
1169 2552 1293 2629 natura,

143 2655 225 2739 quod
250 2655 347 2721 eciam
371 2656 490 2740 absque
513 2656 628 2721 rubore
651 2655 834 2721 mortalium
858 2659 925 2720 etas
948 2676 1043 2721 aurea
1066 2655 1125 2719 sub
1155 2653 1293 2719 Saturno

141 2763 291 2841 testatur,
316 2782 386 2825 cum
409 2762 450 2824 ob
474 2761 643 2825 sedandam
662 2759 780 2825 famem
802 2761 953 2844 sitimque
975 2757 1136 2824 suffecisse
1161 2758 1293 2844 glandes

142 2870 174 2929 et
197 2866 319 2931 rivulos
341 2870 464 2930 veteres
486 2866 646 2932 tradidere
668 2871 701 2930 et
723 2865 821 2952 longe
836 2865 954 2930 clarius
969 2864 1215 2951 gloriosissimus
1233 2863 1292 2928 Jo-

141 2971 262 3036 hannes
285 2970 500 3037 sanctificatus
522 2972 554 3036 in
580 2975 680 3050 utero,
705 2992 798 3057 quem
814 2973 846 3035 in
863 2970 984 3055 asperis
999 2969 1196 3054 desertisque
1214 2968 1292 3034 locis

141 3099 159 3140 a
180 3075 277 3141 melle
301 3081 334 3140 et
354 3076 477 3142 locusta
492 3076 630 3160 legimus
646 3077 823 3156 educatum,
847 3097 982 3161 quorum
1006 3075 1151 3140 ciborum
1176 3072 1291 3160 [loco]¹

142 3185 208 3245 etas
224 3182 329 3246 iunior
341 3185 437 3266 atque
453 3181 663 3269 lasciv[i]ens¹
681 3204 743 3248 non
756 3181 857 3247 solum
875 3180 1095 3247 innocencium
1106 3177 1291 3244 animalium

141 3305 259 3367 carnos,
283 3291 315 3350 et
338 3286 412 3351 rina
433 3291 547 3370 sponte
562 3310 620 3353 sua
635 3287 800 3353 nasoenoia
816 3287 988 3365 adinvenit,
1012 3307 1121 3350 verum
1138 3285 1206 3349 vioe
1229 3285 1291 3348 mi·

141 3391 309 3454 nistrantis
332 3395 444 3456 nature
466 3393 699 3475 superinduxit.
744 3391 927 3476 Sagaritate
955 3391 1153 3476 quorundam
1177 3391 1215 3454 ad
1242 3392 1292 3453 in-

141 3495 304 3559 citandum
319 3497 501 3580 appetitum
517 3499 730 3582 quiescentem
753 3501 989 3579 componuntur
1005 3495 1109 3559 edulia
1135 3499 1167 3558 et
1192 3495 1292 3558 succis

142 3600 257 3664 exteris
273 3600 347 3664 rina
365 3602 548 3682 miscentur,
572 3606 605 3667 et
620 3603 745 3666 utinam
761 3601 922 3667 sufficeret
944 3601 983 3664 ad
1007 3599 1189 3664 sacietatem
1213 3598 1291 3663 talia

140 3707 307 3784 invenisse,
330 3708 368 3771 ad
391 3707 547 3772 ulteriora
568 3729 696 3773 voraces
711 3707 992 3790 transgrediuntur
1010 3703 1151 3788 plurimi,
1179 3701 1289 3768 nolen-

5 3781 7 3896 ᾖ
139 3816 185 3877 tes
201 3812 374 3891 advertere,
393 3811 509 3895 quibus
521 3813 612 3895 vicijs
624 3814 663 3879 ad
679 3812 854 3899 ingluviem
873 3811 1005 3874 nimiam
1022 3808 1136 3874 mentia
1152 3805 1291 3871 claustra

140 3919 330 3995 reserantur,
337 3922 370 3981 et
381 3920 459 4002 quot
471 3917 596 4002 corpori
606 3917 801 4002 egritudines
808 3917 844 4003 [f.
857 3914 931 4004 262]
944 3915 1080 3980 maxime
1091 3915 1287 3997 ingerantur.

141 4019 234 4084 Multi
256 4019 341 4084 enim
360 4021 482 4086 onustis
502 4021 640 4086 insident
657 4022 781 4101 mensis,
805 4021 898 4085 aride
913 4022 1001 4086 varia
1016 4021 1158 4084 ciborum
1173 4037 1290 4101 genera

139 4125 441 4208 transglaucientes²
454 4149 490 4192 ac
504 4128 617 4193 calices
629 4126 868 4192 leorrndissimos
879 4125 1102 4202 exhauriendo,
1116 4145 1179 4187 non
1191 4122 1229 4186 ad
1240 4143 1288 4186 se·

139 4231 271 4296 dandam
283 4235 396 4296 nature
405 4233 670 4315 oportunitatem,
687 4234 740 4298 sed
753 4233 791 4296 ad
808 4231 1082 4313 contemplandam
1100 4226 1289 4311 amplissimi

706 4387 723 4426 ’t‘

208 4474 220 4527 l
242 4471 413 4542 Ergtnaung
432 4472 503 4529 nach
521 4471 584 4526 dem
604 4475 727 4546 concept.
839 4475 856 4528 2
874 4473 917 4526 Im
935 4473 1050 4540 oouospt
1070 4469 1175 4541 riobtig
1195 4472 1287 4526 trans·

139 4559 301 4627 glucientes.
