3092 5244
681 437 741 504 125

131 614 196 679 rico
219 613 284 679 laur
308 615 445 698 plebano
480 615 512 679 in
536 611 702 700 Dillingen
736 615 857 681 tentori
891 616 939 681 nti
969 614 1063 681 fratri
1094 638 1152 682 sno
1173 617 1283 702 singu·

131 719 297 785 latissimo.

680 1073 740 1148 61.

131 1211 325 1286 Hermann
359 1211 511 1284 Schedel
536 1237 586 1286 en
611 1213 825 1288 Hartmann
849 1214 1016 1290 Schedel.
1070 1217 1286 1313 [Augsburg

576 1334 673 1408 1466
709 1340 839 1434 mera}

497 1487 559 1542 olm.
579 1489 667 1544 2241.
687 1490 747 1548 304.
786 1491 917 1564 concept.

129 1614 308 1678 Abreise
331 1613 397 1678 des
419 1611 606 1677 bruders
629 1611 846 1679 Johennes
879 1615 986 1682 nach
1018 1616 1189 1700 Leipzig
1211 1638 1285 1681 aur

130 1717 415 1783 universittt.
460 1713 675 1801 Wernung
706 1720 993 1804 vorderpest.
1041 1721 1285 1787 Pnduenser

494 1823 922 1891 studentenlrombdie.

217 1961 360 2028 Salutem
384 1961 555 2045 plurimam
572 1961 659 2026 dicit.
707 1961 775 2026 Etsi
797 1965 1034 2044 constitueram,
1057 1964 1189 2030 silencio
1212 1966 1284 2030 lon·

132 2067 215 2153 giori
245 2067 351 2132 literis
374 2073 479 2132 tecum
503 2086 598 2150 agere
627 2065 756 2151 alteque
786 2071 892 2133 mente
923 2074 1083 2152 repostam
1113 2071 1282 2135 taciturni·

131 2179 231 2238 tatem
255 2177 383 2252 tenere,
414 2171 507 2236 litere
529 2175 635 2236 temen
658 2176 712 2236 tue
734 2176 803 2237 tum
826 2171 977 2252 facunde,
1008 2178 1077 2238 tum
1102 2174 1283 2241 benivolen-

132 2281 213 2346 oiem
237 2299 294 2363 pre
316 2300 348 2342 se
373 2276 510 2342 ferentes
534 2277 603 2361 ipso
627 2277 680 2341 die
701 2277 766 2341 divi
794 2277 939 2362 Gregorii
965 2275 1063 2365 [mira
1077 2277 1130 2367 12]
1155 2303 1211 2365 per
1227 2304 1284 2366 pa·

130 2391 239 2450 truum
273 2389 416 2450 nostrum
446 2383 587 2450 Marcum
621 2406 659 2449 ex
685 2383 906 2470 Nuremberga
936 2387 1028 2452 misse
1063 2386 1205 2472 mihique
1227 2393 1284 2454 tuo

132 2490 269 2569 nomine,
292 2490 367 2555 licet
399 2490 491 2555 tarde
513 2513 532 2554 a
554 2490 630 2554 data
665 2511 775 2554 eorum
798 2493 990 2575 presentata,
1023 2491 1284 2558 adscribendum

132 2597 233 2662 denuo
256 2596 471 2680 impulerunt,
505 2595 552 2660 ita
573 2600 610 2659 ut
634 2595 758 2660 nullum
787 2596 928 2662 officium
953 2598 985 2660 in
1009 2597 1154 2662 amicicia
1176 2600 1285 2662 nostra

134 2702 368 2785 pretermittere
401 2701 530 2778 curabo,
554 2705 602 2766 set
625 2701 776 2785 quiequid
800 2701 914 2766 honori
938 2701 1114 2766 utilitative
1137 2706 1192 2765 tue
1214 2723 1283 2766 nm·

137 2830 228 2891 quam
254 2808 426 2872 conducere
448 2806 578 2890 poterit,
601 2826 724 2870 summe
745 2805 825 2870 mihi
848 2827 921 2884 oure
944 2807 1015 2885 erit,
1039 2808 1141 2890 quoad
1165 2807 1282 2872 vixero.

219 2911 327 2976 Pridie
349 2911 456 2994 accepi
479 2910 600 2994 scripta
615 2911 732 2974 sororis
750 2932 817 2975 mee
838 2933 875 2976 ex
895 2909 1125 2996 Nuremberga‚
1149 2911 1284 2976 fratrem

132 3021 221 3082 tunm
244 3016 402 3082 doennem
424 3016 474 3081 die
496 3015 585 3081 Jovis
608 3019 682 3081 ante
705 3016 901 3082 dominicam
925 3017 1083 3082 invocavit
1107 3016 1201 3102 [febr.
1229 3018 1282 3100 16]

130 3124 191 3188 iter
214 3144 322 3188 versus
345 3122 464 3207 Lipczlr
487 3143 580 3186 eausa
601 3121 698 3187 studii
719 3122 910 3205 arripuisse,
938 3124 1052 3202 neseio,
1078 3144 1141 3206 quo
1165 3123 1282 3207 spiritu

133 3233 187 3293 aut
203 3249 339 3312 quornm
355 3227 560 3312 suggestione
576 3227 689 3291 ductus
705 3227 736 3291 id
748 3225 890 3292 feeerit¹.
938 3226 1045 3292 Laudo
1073 3228 1283 3312 propositum,

135 3339 183 3399 set
208 3353 329 3410 vereor,
352 3354 393 3395 ne
408 3353 466 3396 sua
481 3331 688 3416 singularitas
712 3330 811 3396 nimia
827 3331 1027 3416 dispendium
1048 3339 1104 3397 aut
1127 3332 1282 3397 iacturam

131 3439 189 3503 sibi
213 3437 330 3522 pariat.
383 3435 519 3502 Consule
542 3441 579 3500 ut
602 3437 630 3500 ei
655 3437 793 3516 scribas,
824 3442 856 3500 et
880 3439 1003 3501 certum
1029 3441 1061 3501 te
1084 3438 1149 3500 suis
1173 3437 1284 3501 reddat

130 3542 267 3627 seriptis,
291 3543 405 3627 quibus
423 3543 569 3608 insudare
588 3541 735 3620 voluerit,
760 3547 791 3604 et
817 3563 880 3606 non
895 3542 1026 3625 proprio
1048 3541 1208 3606 innitatur
1230 3563 1282 3605 oa-

131 3649 201 3732 piti,
225 3654 275 3713 set
298 3653 355 3712 tuo
370 3669 407 3712 ec
430 3648 564 3712 eliorum
592 3648 625 3710 in
656 3646 768 3711 multis
785 3650 987 3730 expertorum
1007 3645 1139 3711 oonsilio
1162 3649 1281 3710 utatur.

132 3753 245 3819 Itidem
270 3757 303 3818 et
326 3774 384 3838 ego
407 3753 536 3837 scriptis
552 3753 631 3818 meis
649 3752 774 3830 faciam,
800 3774 861 3836 qne
877 3752 902 3815 si
928 3774 990 3816 non
1008 3753 1174 3835 spreverit,
1192 3753 1280 3836 quie·

693 3875 715 3914 e

203 3981 218 4034 1
238 3979 318 4034 Nacb
338 3979 527 4034 lreundlicber
545 3977 714 4047 mitteilnng
739 3978 788 4033 der
806 3977 1149 4033 universitttsbibliotbek
1169 3977 1282 4047 Leipzig

131 4068 207 4122 steht
225 4067 255 4120 in
276 4067 326 4122 der
344 4065 474 4135 dortigen
493 4064 626 4120 matrikel
643 4067 726 4119 nnter
744 4066 798 4119 den
816 4067 855 4118 im
875 4065 976 4120 winter
995 4064 1090 4122 146415
1109 4065 1282 4118 immatrien·

131 4154 216 4211 lirten
236 4155 438 4224 eingstregen:
459 4153 615 4209 ›Johannes
629 4151 745 4207 Schedel
764 4151 798 4208 de
811 4151 1007 4222 Nuremberge
1026 4152 1121 4221 xgr«
1158 4149 1191 4205 In
1210 4169 1281 4222 egm.

131 4243 180 4299 367
200 4243 299 4298 stehen
318 4242 450 4297 deutsche
468 4241 578 4304 eschen,
597 4240 793 4296 die-lohannes
815 4257 878 4295 vom
897 4245 974 4294 mtrz
993 4239 1035 4294 bis
1055 4239 1200 4296 december
1214 4243 1282 4296 1464

131 4330 159 4384 in
170 4330 322 4400 Nbrnberg
340 4328 456 4394 echrieb,
476 4328 553 4382 dann
566 4328 639 4397 solgt
653 4327 705 4384 auf
712 4327 730 4385 f.
742 4329 822 4384 257112
844 4328 860 4381 J
862 4329 1040 4382 uramentum
1059 4327 1146 4397 studij
1160 4327 1281 4399 Progen-

129 4419 166 4473 sis
183 4419 214 4474 in
233 4417 349 4490 propria
366 4417 473 4475 forma«
496 4416 554 4470 und
571 4415 730 4472 »Lectiones
750 4434 802 4486 pro
820 4415 986 4484 bancalarije
1006 4415 1035 4468 in
1052 4415 1179 4486 Ltpcakc,
1199 4417 1282 4472 sowie

131 4523 196 4578 »pro
214 4505 404 4576 magisterio.‹
972 4523 974 4528 ·
995 4524 998 4528 ·
1137 4515 1138 4518 ’
