<?xml version="1.0" encoding="UTF-8"?>
<!DOCTYPE html PUBLIC "-//W3C//DTD XHTML 1.0 Transitional//EN"
    "http://www.w3.org/TR/xhtml1/DTD/xhtml1-transitional.dtd">
<html xmlns="http://www.w3.org/1999/xhtml" xml:lang="en" lang="en">
 <head>
  <title>
</title>
<meta http-equiv="Content-Type" content="text/html;charset=utf-8" />
  <meta name='ocr-system' content='tesseract 3.04.00' />
  <meta name='ocr-capabilities' content='ocr_page ocr_carea ocr_par ocr_line ocrx_word'/>
</head>
<body>
  <div class='ocr_page' id='page_1' title='image "./hermannschedels00joacgoog_0041.png"; bbox 0 0 3106 5252; ppageno 0'>
   <div class='ocr_carea' id='block_1_1' title="bbox 721 427 763 492">
    <p class='ocr_par' dir='ltr' id='par_1_1' title="bbox 721 427 763 492">
     <span class='ocr_line' id='line_1_1' title="bbox 721 427 763 492; baseline 0.048 -2"><span class='ocrx_word' id='word_1_1' title='bbox 721 427 763 492; x_wconf 84' lang='lat'>25</span> 
     </span>
    </p>
   </div>
   <div class='ocr_carea' id='block_1_2' title="bbox 160 601 1412 690">
    <p class='ocr_par' dir='ltr' id='par_1_2' title="bbox 160 601 1412 690">
     <span class='ocr_line' id='line_1_2' title="bbox 160 601 1412 690; baseline 0.002 -22"><span class='ocrx_word' id='word_1_2' title='bbox 160 605 418 682; x_wconf 83' lang='lat' dir='ltr'>dominabantur,</span> <span class='ocrx_word' id='word_1_3' title='bbox 441 622 564 666; x_wconf 91' lang='lat' dir='ltr'>summo</span> <span class='ocrx_word' id='word_1_4' title='bbox 586 601 620 665; x_wconf 93' lang='lat' dir='ltr'>in</span> <span class='ocrx_word' id='word_1_5' title='bbox 644 602 772 678; x_wconf 83' lang='lat' dir='ltr'>honore,</span> <span class='ocrx_word' id='word_1_6' title='bbox 796 625 920 668; x_wconf 85' lang='lat' dir='ltr'>summa</span> <span class='ocrx_word' id='word_1_7' title='bbox 943 604 976 669; x_wconf 94' lang='lat' dir='ltr'>in</span> <span class='ocrx_word' id='word_1_8' title='bbox 999 604 1166 690; x_wconf 82' lang='lat' dir='ltr'>dignitate,</span> <span class='ocrx_word' id='word_1_9' title='bbox 1190 625 1313 670; x_wconf 89' lang='lat' dir='ltr'>summa</span> <span class='ocrx_word' id='word_1_10' title='bbox 1405 636 1412 649; x_wconf 92' lang='lat'><strong>·</strong></span> 
     </span>
    </p>
   </div>
   <div class='ocr_carea' id='block_1_3' title="bbox 157 707 1314 4366">
    <p class='ocr_par' dir='ltr' id='par_1_3' title="bbox 158 707 1314 2473">
     <span class='ocr_line' id='line_1_3' title="bbox 160 707 1312 792; baseline 0.001 -19"><span class='ocrx_word' id='word_1_11' title='bbox 160 710 195 773; x_wconf 91' lang='lat' dir='ltr'>in</span> <span class='ocrx_word' id='word_1_12' title='bbox 222 709 326 792; x_wconf 86' lang='lat' dir='ltr'>gloria</span> <span class='ocrx_word' id='word_1_13' title='bbox 349 729 473 792; x_wconf 88' lang='lat' dir='ltr'>semper</span> <span class='ocrx_word' id='word_1_14' title='bbox 489 707 591 773; x_wconf 87' lang='lat' dir='ltr'>babiti</span> <span class='ocrx_word' id='word_1_15' title='bbox 607 713 682 772; x_wconf 90' lang='lat' dir='ltr'>sunt</span> <span class='ocrx_word' id='word_1_16' title='bbox 704 713 736 772; x_wconf 88' lang='lat' dir='ltr'>ct</span> <span class='ocrx_word' id='word_1_17' title='bbox 760 729 844 773; x_wconf 89' lang='lat' dir='ltr'>nunc</span> <span class='ocrx_word' id='word_1_18' title='bbox 860 707 1028 774; x_wconf 87' lang='lat' dir='ltr'>habentur.</span> <span class='ocrx_word' id='word_1_19' title='bbox 1075 708 1208 774; x_wconf 85' lang='lat' dir='ltr'>Divinus</span> <span class='ocrx_word' id='word_1_20' title='bbox 1224 730 1312 774; x_wconf 91' lang='lat' dir='ltr'>nam-</span> 
     </span>
     <span class='ocr_line' id='line_1_4' title="bbox 162 813 1313 899; baseline -0.001 -20"><span class='ocrx_word' id='word_1_21' title='bbox 162 837 224 899; x_wconf 89' lang='lat' dir='ltr'>que</span> <span class='ocrx_word' id='word_1_22' title='bbox 240 813 358 894; x_wconf 80' lang='lat' dir='ltr'>Cicero,</span> <span class='ocrx_word' id='word_1_23' title='bbox 382 817 604 878; x_wconf 86' lang='lat' dir='ltr'>ornamentum</span> <span class='ocrx_word' id='word_1_24' title='bbox 633 835 669 879; x_wconf 90' lang='lat' dir='ltr'>ac</span> <span class='ocrx_word' id='word_1_25' title='bbox 705 813 846 898; x_wconf 75' lang='lat' dir='ltr'><strong>dignitas</strong></span> <span class='ocrx_word' id='word_1_26' title='bbox 867 814 969 880; x_wconf 90' lang='lat' dir='ltr'>tocius</span> <span class='ocrx_word' id='word_1_27' title='bbox 991 818 1118 879; x_wconf 88' lang='lat' dir='ltr'>senatus</span> <span class='ocrx_word' id='word_1_28' title='bbox 1140 813 1313 898; x_wconf 81' lang='lat' dir='ltr'><strong>populique</strong></span> 
     </span>
     <span class='ocr_line' id='line_1_5' title="bbox 162 919 1313 1004; baseline 0.002 -22"><span class='ocrx_word' id='word_1_29' title='bbox 162 919 284 982; x_wconf 88' lang='lat' dir='ltr'>romani</span> <span class='ocrx_word' id='word_1_30' title='bbox 315 919 403 984; x_wconf 87' lang='lat' dir='ltr'>omni</span> <span class='ocrx_word' id='word_1_31' title='bbox 435 919 528 983; x_wconf 91' lang='lat' dir='ltr'>laude</span> <span class='ocrx_word' id='word_1_32' title='bbox 558 924 591 982; x_wconf 86' lang='lat' dir='ltr'>et</span> <span class='ocrx_word' id='word_1_33' title='bbox 622 919 835 984; x_wconf 79' lang='lat' dir='ltr'>admiracione</span> <span class='ocrx_word' id='word_1_34' title='bbox 866 919 1000 1002; x_wconf 87' lang='lat' dir='ltr'>dignus,</span> <span class='ocrx_word' id='word_1_35' title='bbox 1034 919 1174 1004; x_wconf 88' lang='lat' dir='ltr'>plurimo</span> <span class='ocrx_word' id='word_1_36' title='bbox 1197 919 1313 998; x_wconf 78' lang='lat' dir='ltr'>studio,</span> 
     </span>
     <span class='ocr_line' id='line_1_6' title="bbox 161 1023 1314 1108; baseline -0.002 -20"><span class='ocrx_word' id='word_1_37' title='bbox 161 1024 300 1088; x_wconf 85' lang='lat' dir='ltr'>maximo</span> <span class='ocrx_word' id='word_1_38' title='bbox 331 1023 480 1103; x_wconf 81' lang='lat' dir='ltr'>consilio,</span> <span class='ocrx_word' id='word_1_39' title='bbox 517 1023 653 1088; x_wconf 87' lang='lat' dir='ltr'>maxima</span> <span class='ocrx_word' id='word_1_40' title='bbox 687 1023 858 1108; x_wconf 79' lang='lat' dir='ltr'>diligencia</span> <span class='ocrx_word' id='word_1_41' title='bbox 889 1025 1041 1089; x_wconf 86' lang='lat' dir='ltr'>adiuncta</span> <span class='ocrx_word' id='word_1_42' title='bbox 1070 1024 1252 1090; x_wconf 76' lang='lat' dir='ltr'>constancia</span> <span class='ocrx_word' id='word_1_43' title='bbox 1281 1028 1314 1087; x_wconf 88' lang='lat' dir='ltr'>et</span> 
     </span>
     <span class='ocr_line' id='line_1_7' title="bbox 160 1129 1311 1214; baseline -0.001 -21"><span class='ocrx_word' id='word_1_44' title='bbox 160 1130 258 1194; x_wconf 91' lang='lat' dir='ltr'>animi</span> <span class='ocrx_word' id='word_1_45' title='bbox 283 1130 504 1214; x_wconf 85' lang='lat' dir='ltr'>magnitudine</span> <span class='ocrx_word' id='word_1_46' title='bbox 528 1129 771 1214; x_wconf 86' lang='lat' dir='ltr'>rempublicam</span> <span class='ocrx_word' id='word_1_47' title='bbox 794 1129 843 1194; x_wconf 86' lang='lat' dir='ltr'>uti</span> <span class='ocrx_word' id='word_1_48' title='bbox 859 1135 1012 1214; x_wconf 89' lang='lat' dir='ltr'>patronus</span> <span class='ocrx_word' id='word_1_49' title='bbox 1034 1135 1066 1194; x_wconf 87' lang='lat' dir='ltr'>et</span> <span class='ocrx_word' id='word_1_50' title='bbox 1089 1132 1180 1214; x_wconf 84' lang='lat' dir='ltr'>pater</span> <span class='ocrx_word' id='word_1_51' title='bbox 1202 1129 1311 1194; x_wconf 85' lang='lat' dir='ltr'>defen·</span> 
     </span>
     <span class='ocr_line' id='line_1_8' title="bbox 160 1233 1311 1320; baseline -0.001 -22"><span class='ocrx_word' id='word_1_52' title='bbox 160 1234 218 1310; x_wconf 82' lang='lat' dir='ltr'>dit,</span> <span class='ocrx_word' id='word_1_53' title='bbox 242 1256 300 1318; x_wconf 92' lang='lat' dir='ltr'>pro</span> <span class='ocrx_word' id='word_1_54' title='bbox 324 1257 388 1320; x_wconf 89' lang='lat' dir='ltr'>qua</span> <span class='ocrx_word' id='word_1_55' title='bbox 402 1240 538 1300; x_wconf 90' lang='lat' dir='ltr'>mortem</span> <span class='ocrx_word' id='word_1_56' title='bbox 549 1234 657 1300; x_wconf 91' lang='lat' dir='ltr'>subire</span> <span class='ocrx_word' id='word_1_57' title='bbox 675 1235 803 1300; x_wconf 91' lang='lat' dir='ltr'>minime</span> <span class='ocrx_word' id='word_1_58' title='bbox 819 1235 988 1300; x_wconf 86' lang='lat' dir='ltr'>dubitavit.</span> <span class='ocrx_word' id='word_1_59' title='bbox 1020 1233 1094 1298; x_wconf 89' lang='lat' dir='ltr'>Non</span> <span class='ocrx_word' id='word_1_60' title='bbox 1112 1238 1144 1298; x_wconf 84' lang='lat' dir='ltr'>te</span> <span class='ocrx_word' id='word_1_61' title='bbox 1166 1233 1311 1317; x_wconf 86' lang='lat' dir='ltr'>preterit,</span> 
     </span>
     <span class='ocr_line' id='line_1_9' title="bbox 162 1337 1312 1426; baseline 0.002 -24"><span class='ocrx_word' id='word_1_62' title='bbox 162 1339 266 1403; x_wconf 88' lang='lat' dir='ltr'>datam</span> <span class='ocrx_word' id='word_1_63' title='bbox 293 1337 328 1426; x_wconf 88' lang='lat' dir='ltr'>[f.</span> <span class='ocrx_word' id='word_1_64' title='bbox 346 1339 424 1424; x_wconf 87' lang='lat'>300]</span> <span class='ocrx_word' id='word_1_65' title='bbox 441 1341 469 1404; x_wconf 90' lang='lat' dir='ltr'>ei</span> <span class='ocrx_word' id='word_1_66' title='bbox 493 1340 589 1404; x_wconf 88' lang='lat' dir='ltr'>fuisse</span> <span class='ocrx_word' id='word_1_67' title='bbox 613 1339 658 1404; x_wconf 91' lang='lat' dir='ltr'>rei</span> <span class='ocrx_word' id='word_1_68' title='bbox 682 1340 819 1423; x_wconf 90' lang='lat' dir='ltr'>publice</span> <span class='ocrx_word' id='word_1_69' title='bbox 842 1340 1164 1418; x_wconf 82' lang='lat' dir='ltr'>administracionem‚</span> <span class='ocrx_word' id='word_1_70' title='bbox 1187 1339 1312 1423; x_wconf 88' lang='lat' dir='ltr'>abipso</span> 
     </span>
     <span class='ocr_line' id='line_1_10' title="bbox 159 1444 1311 1530; baseline 0.001 -22"><span class='ocrx_word' id='word_1_71' title='bbox 159 1444 296 1527; x_wconf 86' lang='lat' dir='ltr'>patriam</span> <span class='ocrx_word' id='word_1_72' title='bbox 320 1450 476 1510; x_wconf 87' lang='lat' dir='ltr'>servatam</span> <span class='ocrx_word' id='word_1_73' title='bbox 505 1449 697 1528; x_wconf 87' lang='lat' dir='ltr'>senatusque</span> <span class='ocrx_word' id='word_1_74' title='bbox 719 1445 907 1530; x_wconf 88' lang='lat' dir='ltr'>plerumque</span> <span class='ocrx_word' id='word_1_75' title='bbox 938 1447 967 1510; x_wconf 89' lang='lat' dir='ltr'>ei</span> <span class='ocrx_word' id='word_1_76' title='bbox 1002 1445 1125 1530; x_wconf 80' lang='lat' dir='ltr'>gracias</span> <span class='ocrx_word' id='word_1_77' title='bbox 1148 1444 1250 1529; x_wconf 84' lang='lat' dir='ltr'>egerit</span> <span class='ocrx_word' id='word_1_78' title='bbox 1265 1445 1311 1527; x_wconf 81' lang='lat' dir='ltr'>(l),</span> 
     </span>
     <span class='ocr_line' id='line_1_11' title="bbox 160 1548 1311 1636; baseline 0 -24"><span class='ocrx_word' id='word_1_79' title='bbox 160 1549 330 1632; x_wconf 86' lang='lat' dir='ltr'>presertim</span> <span class='ocrx_word' id='word_1_80' title='bbox 353 1549 428 1613; x_wconf 89' lang='lat' dir='ltr'>dum</span> <span class='ocrx_word' id='word_1_81' title='bbox 444 1571 512 1614; x_wconf 88' lang='lat' dir='ltr'>eam</span> <span class='ocrx_word' id='word_1_82' title='bbox 535 1572 554 1613; x_wconf 98' lang='lat' dir='ltr'>a</span> <span class='ocrx_word' id='word_1_83' title='bbox 570 1548 706 1614; x_wconf 80' lang='lat' dir='ltr'>Catilina</span> <span class='ocrx_word' id='word_1_84' title='bbox 722 1551 796 1615; x_wconf 88' lang='lat' dir='ltr'>cede</span> <span class='ocrx_word' id='word_1_85' title='bbox 811 1557 907 1636; x_wconf 90' lang='lat' dir='ltr'>atque</span> <span class='ocrx_word' id='word_1_86' title='bbox 923 1551 1077 1635; x_wconf 88' lang='lat' dir='ltr'>incendijs</span> <span class='ocrx_word' id='word_1_87' title='bbox 1092 1548 1239 1635; x_wconf 86' lang='lat' dir='ltr'>statu(m)</span> <span class='ocrx_word' id='word_1_88' title='bbox 1266 1549 1311 1614; x_wconf 91' lang='lat' dir='ltr'>rei</span> 
     </span>
     <span class='ocr_line' id='line_1_12' title="bbox 159 1652 1311 1742; baseline 0 -24"><span class='ocrx_word' id='word_1_89' title='bbox 159 1652 286 1738; x_wconf 87' lang='lat' dir='ltr'>publice</span> <span class='ocrx_word' id='word_1_90' title='bbox 309 1654 522 1719; x_wconf 71' lang='lat' dir='ltr'>labefactanda</span> <span class='ocrx_word' id='word_1_91' title='bbox 544 1654 729 1720; x_wconf 86' lang='lat' dir='ltr'>liberaverit</span> <span class='ocrx_word' id='word_1_92' title='bbox 753 1677 789 1721; x_wconf 89' lang='lat' dir='ltr'>ac</span> <span class='ocrx_word' id='word_1_93' title='bbox 812 1657 912 1721; x_wconf 88' lang='lat' dir='ltr'>civem</span> <span class='ocrx_word' id='word_1_94' title='bbox 938 1656 1150 1742; x_wconf 88' lang='lat' dir='ltr'>perniciosum</span> <span class='ocrx_word' id='word_1_95' title='bbox 1174 1654 1311 1720; x_wconf 89' lang='lat' dir='ltr'>acerbis·</span> 
     </span>
     <span class='ocr_line' id='line_1_13' title="bbox 158 1758 1311 1844; baseline 0.002 -22"><span class='ocrx_word' id='word_1_96' title='bbox 158 1758 337 1844; x_wconf 88' lang='lat' dir='ltr'>simumque</span> <span class='ocrx_word' id='word_1_97' title='bbox 365 1759 487 1823; x_wconf 91' lang='lat' dir='ltr'>hostem</span> <span class='ocrx_word' id='word_1_98' title='bbox 519 1760 727 1827; x_wconf 88' lang='lat' dir='ltr'>cohercuerit.</span> <span class='ocrx_word' id='word_1_99' title='bbox 774 1759 864 1826; x_wconf 87' lang='lat' dir='ltr'>Unda</span> <span class='ocrx_word' id='word_1_100' title='bbox 894 1760 1055 1826; x_wconf 87' lang='lat' dir='ltr'>Lucanus:</span> <span class='ocrx_word' id='word_1_101' title='bbox 1098 1759 1311 1826; x_wconf 79' lang='lat' dir='ltr'>»Cunctorum</span> 
     </span>
     <span class='ocr_line' id='line_1_14' title="bbox 158 1863 1312 1951; baseline 0 -23"><span class='ocrx_word' id='word_1_102' title='bbox 158 1885 252 1928; x_wconf 83' lang='lat' dir='ltr'>voces</span> <span class='ocrx_word' id='word_1_103' title='bbox 274 1865 397 1928; x_wconf 86' lang='lat' dir='ltr'>ronrani</span> <span class='ocrx_word' id='word_1_104' title='bbox 432 1866 589 1930; x_wconf 87' lang='lat' dir='ltr'>maximus</span> <span class='ocrx_word' id='word_1_105' title='bbox 613 1871 705 1931; x_wconf 89' lang='lat' dir='ltr'>antor</span> <span class='ocrx_word' id='word_1_106' title='bbox 729 1867 858 1932; x_wconf 76' lang='lat' dir='ltr'>Tullius</span> <span class='ocrx_word' id='word_1_107' title='bbox 881 1866 1030 1951; x_wconf 81' lang='lat' dir='ltr'>elloquij‚</span> <span class='ocrx_word' id='word_1_108' title='bbox 1049 1865 1138 1930; x_wconf 87' lang='lat' dir='ltr'>cuius</span> <span class='ocrx_word' id='word_1_109' title='bbox 1161 1864 1219 1928; x_wconf 80' lang='lat' dir='ltr'>sub</span> <span class='ocrx_word' id='word_1_110' title='bbox 1243 1863 1312 1928; x_wconf 89' lang='lat' dir='ltr'>iure</span> 
     </span>
     <span class='ocr_line' id='line_1_15' title="bbox 158 1968 1310 2053; baseline 0 -21"><span class='ocrx_word' id='word_1_111' title='bbox 158 1972 298 2053; x_wconf 80' lang='lat' dir='ltr'>togaque</span> <span class='ocrx_word' id='word_1_112' title='bbox 327 1968 502 2051; x_wconf 84' lang='lat' dir='ltr'>pacificas¹</span> <span class='ocrx_word' id='word_1_113' title='bbox 539 1991 630 2034; x_wconf 86' lang='lat' dir='ltr'>sevus</span> <span class='ocrx_word' id='word_1_114' title='bbox 660 1973 793 2036; x_wconf 84' lang='lat' dir='ltr'>tremuit</span> <span class='ocrx_word' id='word_1_115' title='bbox 825 1971 963 2037; x_wconf 77' lang='lat' dir='ltr'>Catilina</span> <span class='ocrx_word' id='word_1_116' title='bbox 997 1991 1132 2050; x_wconf 89' lang='lat' dir='ltr'>secures,</span> <span class='ocrx_word' id='word_1_117' title='bbox 1165 1968 1310 2053; x_wconf 83' lang='lat' dir='ltr'>pertulit,</span> 
     </span>
     <span class='ocr_line' id='line_1_16' title="bbox 159 2071 1313 2163; baseline 0.001 -27"><span class='ocrx_word' id='word_1_118' title='bbox 159 2074 260 2138; x_wconf 81' lang='lat' dir='ltr'>iratur</span> <span class='ocrx_word' id='word_1_119' title='bbox 285 2071 397 2150; x_wconf 84' lang='lat' dir='ltr'>bellis,</span> <span class='ocrx_word' id='word_1_120' title='bbox 422 2095 492 2139; x_wconf 91' lang='lat' dir='ltr'>cum</span> <span class='ocrx_word' id='word_1_121' title='bbox 517 2079 621 2140; x_wconf 85' lang='lat' dir='ltr'>rostra</span> <span class='ocrx_word' id='word_1_122' title='bbox 644 2075 812 2163; x_wconf 81' lang='lat' dir='ltr'>forumque</span> <span class='ocrx_word' id='word_1_123' title='bbox 835 2081 963 2160; x_wconf 88' lang='lat' dir='ltr'>optaret</span> <span class='ocrx_word' id='word_1_124' title='bbox 991 2097 1103 2160; x_wconf 89' lang='lat' dir='ltr'>passus</span> <span class='ocrx_word' id='word_1_125' title='bbox 1127 2081 1190 2139; x_wconf 88' lang='lat' dir='ltr'>tam</span> <span class='ocrx_word' id='word_1_126' title='bbox 1216 2074 1313 2156; x_wconf 87' lang='lat' dir='ltr'>longa</span> 
     </span>
     <span class='ocr_line' id='line_1_17' title="bbox 159 2177 1310 2247; baseline 0.001 -5"><span class='ocrx_word' id='word_1_127' title='bbox 159 2179 290 2244; x_wconf 80' lang='lat' dir='ltr'>silencio</span> <span class='ocrx_word' id='word_1_128' title='bbox 314 2177 415 2242; x_wconf 86' lang='lat' dir='ltr'>miles.</span> <span class='ocrx_word' id='word_1_129' title='bbox 463 2180 596 2244; x_wconf 78' lang='lat' dir='ltr'>Addidit</span> <span class='ocrx_word' id='word_1_130' title='bbox 611 2180 748 2246; x_wconf 86' lang='lat' dir='ltr'>invalide</span> <span class='ocrx_word' id='word_1_131' title='bbox 774 2183 871 2247; x_wconf 76' lang='lat' dir='ltr'>robur</span> <span class='ocrx_word' id='word_1_132' title='bbox 886 2181 1035 2246; x_wconf 85' lang='lat' dir='ltr'>facundia</span> <span class='ocrx_word' id='word_1_133' title='bbox 1058 2201 1181 2245; x_wconf 78' lang='lat' dir='ltr'>cause«</span> <span class='ocrx_word' id='word_1_134' title='bbox 1196 2177 1220 2244; x_wconf 77' lang='lat'>².</span> <span class='ocrx_word' id='word_1_135' title='bbox 1257 2178 1310 2243; x_wconf 91' lang='lat' dir='ltr'>Id·</span> 
     </span>
     <span class='ocr_line' id='line_1_18' title="bbox 158 2284 1309 2371; baseline -0.001 -22"><span class='ocrx_word' id='word_1_136' title='bbox 158 2285 243 2349; x_wconf 89' lang='lat' dir='ltr'>circo</span> <span class='ocrx_word' id='word_1_137' title='bbox 259 2285 326 2367; x_wconf 79' lang='lat' dir='ltr'>ipse</span> <span class='ocrx_word' id='word_1_138' title='bbox 342 2305 470 2348; x_wconf 87' lang='lat' dir='ltr'>romane</span> <span class='ocrx_word' id='word_1_139' title='bbox 486 2285 633 2368; x_wconf 89' lang='lat' dir='ltr'>princeps</span> <span class='ocrx_word' id='word_1_140' title='bbox 650 2286 832 2371; x_wconf 86' lang='lat' dir='ltr'>eloquenoie</span> <span class='ocrx_word' id='word_1_141' title='bbox 844 2309 902 2370; x_wconf 87' lang='lat' dir='ltr'>per</span> <span class='ocrx_word' id='word_1_142' title='bbox 914 2307 970 2352; x_wconf 88' lang='lat' dir='ltr'>ora</span> <span class='ocrx_word' id='word_1_143' title='bbox 986 2286 1090 2351; x_wconf 86' lang='lat' dir='ltr'>virum</span> <span class='ocrx_word' id='word_1_144' title='bbox 1105 2284 1216 2350; x_wconf 86' lang='lat' dir='ltr'>volitat</span> <span class='ocrx_word' id='word_1_145' title='bbox 1228 2304 1309 2348; x_wconf 88' lang='lat' dir='ltr'>sem·</span> 
     </span>
     <span class='ocr_line' id='line_1_19' title="bbox 158 2389 459 2473; baseline 0.003 -19"><span class='ocrx_word' id='word_1_146' title='bbox 158 2410 278 2473; x_wconf 87' lang='lat' dir='ltr'>perque</span> <span class='ocrx_word' id='word_1_147' title='bbox 302 2389 459 2455; x_wconf 78' lang='lat' dir='ltr'>volitabit.</span> 
     </span>
    </p>

    <p class='ocr_par' dir='ltr' id='par_1_4' title="bbox 157 2492 1311 4366">
     <span class='ocr_line' id='line_1_20' title="bbox 247 2492 1310 2582; baseline -0.001 -25"><span class='ocrx_word' id='word_1_148' title='bbox 247 2492 368 2570; x_wconf 80' lang='lat' dir='ltr'>Quibus</span> <span class='ocrx_word' id='word_1_149' title='bbox 383 2495 530 2558; x_wconf 88' lang='lat' dir='ltr'>omnibus</span> <span class='ocrx_word' id='word_1_150' title='bbox 546 2515 607 2559; x_wconf 91' lang='lat' dir='ltr'>non</span> <span class='ocrx_word' id='word_1_151' title='bbox 625 2496 761 2574; x_wconf 87' lang='lat' dir='ltr'>mireris,</span> <span class='ocrx_word' id='word_1_152' title='bbox 786 2497 829 2560; x_wconf 89' lang='lat' dir='ltr'>mi</span> <span class='ocrx_word' id='word_1_153' title='bbox 847 2496 1052 2582; x_wconf 86' lang='lat' dir='ltr'>Hyeronime‚</span> <span class='ocrx_word' id='word_1_154' title='bbox 1076 2496 1102 2559; x_wconf 87' lang='lat' dir='ltr'>si</span> <span class='ocrx_word' id='word_1_155' title='bbox 1118 2495 1255 2560; x_wconf 84' lang='lat' dir='ltr'>libenter</span> <span class='ocrx_word' id='word_1_156' title='bbox 1272 2493 1310 2557; x_wconf 90' lang='lat' dir='ltr'>de</span> 
     </span>
     <span class='ocr_line' id='line_1_21' title="bbox 160 2597 1309 2684; baseline 0 -22"><span class='ocrx_word' id='word_1_157' title='bbox 160 2597 310 2677; x_wconf 82' lang='lat' dir='ltr'>utilitate,</span> <span class='ocrx_word' id='word_1_158' title='bbox 328 2599 366 2662; x_wconf 88' lang='lat' dir='ltr'>de</span> <span class='ocrx_word' id='word_1_159' title='bbox 383 2599 449 2662; x_wconf 92' lang='lat' dir='ltr'>eius</span> <span class='ocrx_word' id='word_1_160' title='bbox 467 2599 697 2684; x_wconf 76' lang='lat' dir='ltr'>magnitudine,</span> <span class='ocrx_word' id='word_1_161' title='bbox 722 2601 760 2664; x_wconf 88' lang='lat' dir='ltr'>de</span> <span class='ocrx_word' id='word_1_162' title='bbox 781 2600 956 2665; x_wconf 86' lang='lat' dir='ltr'>amenitate</span> <span class='ocrx_word' id='word_1_163' title='bbox 970 2601 1128 2665; x_wconf 90' lang='lat' dir='ltr'>scribendi</span> <span class='ocrx_word' id='word_1_164' title='bbox 1144 2599 1309 2664; x_wconf 88' lang='lat' dir='ltr'>materiam</span> 
     </span>
     <span class='ocr_line' id='line_1_22' title="bbox 158 2703 1311 2788; baseline 0.001 -22"><span class='ocrx_word' id='word_1_165' title='bbox 158 2703 266 2786; x_wconf 87' lang='lat' dir='ltr'>fingo,</span> <span class='ocrx_word' id='word_1_166' title='bbox 300 2703 418 2788; x_wconf 93' lang='lat' dir='ltr'>quippe</span> <span class='ocrx_word' id='word_1_167' title='bbox 448 2709 524 2788; x_wconf 88' lang='lat' dir='ltr'>apta</span> <span class='ocrx_word' id='word_1_168' title='bbox 557 2706 791 2771; x_wconf 87' lang='lat' dir='ltr'>sentenciarum</span> <span class='ocrx_word' id='word_1_169' title='bbox 818 2705 1032 2770; x_wconf 86' lang='lat' dir='ltr'>colloeucione</span> <span class='ocrx_word' id='word_1_170' title='bbox 1054 2705 1135 2770; x_wconf 93' lang='lat' dir='ltr'>nihil</span> <span class='ocrx_word' id='word_1_171' title='bbox 1160 2704 1311 2788; x_wconf 82' lang='lat' dir='ltr'>pulcrius,</span> 
     </span>
     <span class='ocr_line' id='line_1_23' title="bbox 159 2807 1310 2892; baseline 0 -21"><span class='ocrx_word' id='word_1_172' title='bbox 159 2807 243 2871; x_wconf 90' lang='lat' dir='ltr'>nihil</span> <span class='ocrx_word' id='word_1_173' title='bbox 265 2814 378 2873; x_wconf 87' lang='lat' dir='ltr'>ornata</span> <span class='ocrx_word' id='word_1_174' title='bbox 402 2809 548 2874; x_wconf 87' lang='lat' dir='ltr'>oracione</span> <span class='ocrx_word' id='word_1_175' title='bbox 571 2810 706 2888; x_wconf 82' lang='lat' dir='ltr'>suavius,</span> <span class='ocrx_word' id='word_1_176' title='bbox 732 2810 814 2873; x_wconf 90' lang='lat' dir='ltr'>nihil</span> <span class='ocrx_word' id='word_1_177' title='bbox 831 2830 907 2874; x_wconf 91' lang='lat' dir='ltr'>sono</span> <span class='ocrx_word' id='word_1_178' title='bbox 927 2810 997 2892; x_wconf 91' lang='lat' dir='ltr'>ipso</span> <span class='ocrx_word' id='word_1_179' title='bbox 1013 2809 1122 2874; x_wconf 88' lang='lat' dir='ltr'>auditu</span> <span class='ocrx_word' id='word_1_180' title='bbox 1147 2807 1310 2872; x_wconf 89' lang='lat' dir='ltr'>iocundius</span> 
     </span>
     <span class='ocr_line' id='line_1_24' title="bbox 159 2913 1311 2997; baseline -0.001 -21"><span class='ocrx_word' id='word_1_181' title='bbox 159 2919 264 2996; x_wconf 89' lang='lat' dir='ltr'>potest</span> <span class='ocrx_word' id='word_1_182' title='bbox 287 2914 423 2978; x_wconf 82' lang='lat' dir='ltr'>inveniri</span> <span class='ocrx_word' id='word_1_183' title='bbox 458 2914 687 2993; x_wconf 82' lang='lat' dir='ltr'>meoiudicio,</span> <span class='ocrx_word' id='word_1_184' title='bbox 719 2915 801 2979; x_wconf 88' lang='lat' dir='ltr'>sicut</span> <span class='ocrx_word' id='word_1_185' title='bbox 824 2913 955 2979; x_wconf 86' lang='lat' dir='ltr'>dulcedo</span> <span class='ocrx_word' id='word_1_186' title='bbox 982 2915 1080 2980; x_wconf 89' lang='lat' dir='ltr'>eciam</span> <span class='ocrx_word' id='word_1_187' title='bbox 1110 2914 1210 2997; x_wconf 86' lang='lat' dir='ltr'>ipsius</span> <span class='ocrx_word' id='word_1_188' title='bbox 1232 2913 1311 2978; x_wconf 89' lang='lat' dir='ltr'>artis</span> 
     </span>
     <span class='ocr_line' id='line_1_25' title="bbox 159 3019 1309 3103; baseline -0.001 -21"><span class='ocrx_word' id='word_1_189' title='bbox 159 3019 282 3101; x_wconf 88' lang='lat' dir='ltr'>poetice</span> <span class='ocrx_word' id='word_1_190' title='bbox 304 3019 442 3084; x_wconf 87' lang='lat' dir='ltr'>attrahit</span> <span class='ocrx_word' id='word_1_191' title='bbox 464 3042 523 3084; x_wconf 89' lang='lat' dir='ltr'>me.</span> <span class='ocrx_word' id='word_1_192' title='bbox 580 3019 753 3103; x_wconf 86' lang='lat' dir='ltr'>Propterea</span> <span class='ocrx_word' id='word_1_193' title='bbox 775 3019 861 3085; x_wconf 91' lang='lat' dir='ltr'>haud</span> <span class='ocrx_word' id='word_1_194' title='bbox 882 3041 957 3084; x_wconf 90' lang='lat' dir='ltr'>sane</span> <span class='ocrx_word' id='word_1_195' title='bbox 979 3021 1158 3085; x_wconf 87' lang='lat' dir='ltr'>mirandum</span> <span class='ocrx_word' id='word_1_196' title='bbox 1185 3024 1251 3098; x_wconf 89' lang='lat' dir='ltr'>est,</span> <span class='ocrx_word' id='word_1_197' title='bbox 1283 3019 1309 3082; x_wconf 90' lang='lat' dir='ltr'>si</span> 
     </span>
     <span class='ocr_line' id='line_1_26' title="bbox 159 3123 1310 3211; baseline -0.002 -23"><span class='ocrx_word' id='word_1_198' title='bbox 159 3146 291 3205; x_wconf 82' lang='lat' dir='ltr'>magnos</span> <span class='ocrx_word' id='word_1_199' title='bbox 314 3125 387 3189; x_wconf 87' lang='lat' dir='ltr'>illos</span> <span class='ocrx_word' id='word_1_200' title='bbox 410 3130 442 3190; x_wconf 86' lang='lat' dir='ltr'>et</span> <span class='ocrx_word' id='word_1_201' title='bbox 464 3125 625 3208; x_wconf 85' lang='lat' dir='ltr'>preclaros</span> <span class='ocrx_word' id='word_1_202' title='bbox 648 3126 794 3190; x_wconf 90' lang='lat' dir='ltr'>homines</span> <span class='ocrx_word' id='word_1_203' title='bbox 824 3131 949 3190; x_wconf 88' lang='lat' dir='ltr'>tantum</span> <span class='ocrx_word' id='word_1_204' title='bbox 967 3125 1151 3211; x_wconf 86' lang='lat' dir='ltr'>eloquencia</span> <span class='ocrx_word' id='word_1_205' title='bbox 1174 3123 1310 3188; x_wconf 86' lang='lat' dir='ltr'>valuisse</span> 
     </span>
     <span class='ocr_line' id='line_1_27' title="bbox 158 3229 1310 3315; baseline -0.002 -21"><span class='ocrx_word' id='word_1_206' title='bbox 158 3230 321 3314; x_wconf 83' lang='lat' dir='ltr'>fingit(ur)</span> <span class='ocrx_word' id='word_1_207' title='bbox 354 3230 549 3315; x_wconf 84' lang='lat' dir='ltr'>antiquitas,</span> <span class='ocrx_word' id='word_1_208' title='bbox 585 3235 620 3295; x_wconf 87' lang='lat' dir='ltr'>ut</span> <span class='ocrx_word' id='word_1_209' title='bbox 650 3231 805 3297; x_wconf 87' lang='lat' dir='ltr'>oracionis</span> <span class='ocrx_word' id='word_1_210' title='bbox 838 3231 1003 3296; x_wconf 87' lang='lat' dir='ltr'>dulcedine</span> <span class='ocrx_word' id='word_1_211' title='bbox 1035 3231 1175 3296; x_wconf 84' lang='lat' dir='ltr'>immites</span> <span class='ocrx_word' id='word_1_212' title='bbox 1208 3229 1310 3294; x_wconf 88' lang='lat' dir='ltr'>lenire</span> 
     </span>
     <span class='ocr_line' id='line_1_28' title="bbox 158 3335 1308 3419; baseline -0.001 -20"><span class='ocrx_word' id='word_1_213' title='bbox 158 3335 252 3411; x_wconf 84' lang='lat' dir='ltr'>feras,</span> <span class='ocrx_word' id='word_1_214' title='bbox 277 3335 423 3399; x_wconf 88' lang='lat' dir='ltr'>diducere</span> <span class='ocrx_word' id='word_1_215' title='bbox 447 3356 590 3418; x_wconf 86' lang='lat' dir='ltr'>quercus,</span> <span class='ocrx_word' id='word_1_216' title='bbox 614 3355 689 3399; x_wconf 86' lang='lat' dir='ltr'>saxa</span> <span class='ocrx_word' id='word_1_217' title='bbox 713 3358 848 3415; x_wconf 82' lang='lat' dir='ltr'>movere,</span> <span class='ocrx_word' id='word_1_218' title='bbox 874 3358 951 3401; x_wconf 90' lang='lat' dir='ltr'>sono</span> <span class='ocrx_word' id='word_1_219' title='bbox 974 3336 1145 3401; x_wconf 88' lang='lat' dir='ltr'>testudinis</span> <span class='ocrx_word' id='word_1_220' title='bbox 1169 3340 1201 3399; x_wconf 90' lang='lat' dir='ltr'>et</span> <span class='ocrx_word' id='word_1_221' title='bbox 1216 3356 1308 3419; x_wconf 90' lang='lat' dir='ltr'>prece</span> 
     </span>
     <span class='ocr_line' id='line_1_29' title="bbox 160 3437 1308 3526; baseline -0.003 -21"><span class='ocrx_word' id='word_1_222' title='bbox 160 3437 315 3526; x_wconf 64' lang='lat' dir='ltr'>blandem</span> <span class='ocrx_word' id='word_1_223' title='bbox 327 3439 440 3504; x_wconf 85' lang='lat' dir='ltr'>ducere</span> <span class='ocrx_word' id='word_1_224' title='bbox 450 3462 513 3525; x_wconf 93' lang='lat' dir='ltr'>quo</span> <span class='ocrx_word' id='word_1_225' title='bbox 529 3440 658 3520; x_wconf 78' lang='lat' dir='ltr'>vellent,</span> <span class='ocrx_word' id='word_1_226' title='bbox 673 3446 710 3505; x_wconf 87' lang='lat' dir='ltr'>ut</span> <span class='ocrx_word' id='word_1_227' title='bbox 721 3442 863 3506; x_wconf 85' lang='lat' dir='ltr'>fabulose</span> <span class='ocrx_word' id='word_1_228' title='bbox 877 3447 955 3525; x_wconf 90' lang='lat' dir='ltr'>aput</span> <span class='ocrx_word' id='word_1_229' title='bbox 968 3440 1115 3505; x_wconf 89' lang='lat' dir='ltr'>Ovidium</span> <span class='ocrx_word' id='word_1_230' title='bbox 1132 3442 1170 3505; x_wconf 89' lang='lat' dir='ltr'>de</span> <span class='ocrx_word' id='word_1_231' title='bbox 1181 3437 1308 3522; x_wconf 90' lang='lat' dir='ltr'>Orpheo</span> 
     </span>
     <span class='ocr_line' id='line_1_30' title="bbox 158 3540 1307 3630; baseline -0.001 -22"><span class='ocrx_word' id='word_1_232' title='bbox 158 3545 320 3623; x_wconf 87' lang='lat' dir='ltr'>habemus,</span> <span class='ocrx_word' id='word_1_233' title='bbox 344 3546 399 3630; x_wconf 90' lang='lat' dir='ltr'>qui</span> <span class='ocrx_word' id='word_1_234' title='bbox 416 3545 533 3610; x_wconf 86' lang='lat' dir='ltr'>dicitur</span> <span class='ocrx_word' id='word_1_235' title='bbox 546 3540 654 3609; x_wconf 63' lang='grc' dir='ltr'>ιοοίε8</span> <span class='ocrx_word' id='word_1_236' title='bbox 682 3546 877 3610; x_wconf 91' lang='lat' dir='ltr'>iocunditate</span> <span class='ocrx_word' id='word_1_237' title='bbox 899 3547 1005 3610; x_wconf 89' lang='lat' dir='ltr'>omnia</span> <span class='ocrx_word' id='word_1_238' title='bbox 1020 3546 1058 3608; x_wconf 89' lang='lat' dir='ltr'>ad</span> <span class='ocrx_word' id='word_1_239' title='bbox 1077 3566 1110 3609; x_wconf 88' lang='lat' dir='ltr'>se</span> <span class='ocrx_word' id='word_1_240' title='bbox 1128 3543 1307 3608; x_wconf 88' lang='lat' dir='ltr'>attraxisse.</span> 
     </span>
     <span class='ocr_line' id='line_1_31' title="bbox 159 3647 1307 3737; baseline -0.003 -24"><span class='ocrx_word' id='word_1_241' title='bbox 159 3647 250 3714; x_wconf 89' lang='lat' dir='ltr'>Unde</span> <span class='ocrx_word' id='word_1_242' title='bbox 278 3649 421 3715; x_wconf 89' lang='lat' dir='ltr'>Oratius:</span> <span class='ocrx_word' id='word_1_243' title='bbox 462 3650 594 3716; x_wconf 77' lang='lat' dir='ltr'>»Dictus</span> <span class='ocrx_word' id='word_1_244' title='bbox 624 3656 656 3715; x_wconf 88' lang='lat' dir='ltr'>et</span> <span class='ocrx_word' id='word_1_245' title='bbox 682 3649 855 3737; x_wconf 82' lang='lat' dir='ltr'>Ampbyon</span> <span class='ocrx_word' id='word_1_246' title='bbox 879 3649 1029 3716; x_wconf 81' lang='lat' dir='ltr'>Thebane</span> <span class='ocrx_word' id='word_1_247' title='bbox 1056 3649 1200 3714; x_wconf 88' lang='lat' dir='ltr'>conditor</span> <span class='ocrx_word' id='word_1_248' title='bbox 1226 3648 1307 3714; x_wconf 87' lang='lat' dir='ltr'>arcis</span> 
     </span>
     <span class='ocr_line' id='line_1_32' title="bbox 157 3752 1307 3842; baseline -0.003 -23"><span class='ocrx_word' id='word_1_249' title='bbox 157 3777 233 3820; x_wconf 85' lang='lat' dir='ltr'>saxa</span> <span class='ocrx_word' id='word_1_250' title='bbox 256 3775 380 3820; x_wconf 90' lang='lat' dir='ltr'>movere</span> <span class='ocrx_word' id='word_1_251' title='bbox 406 3755 477 3820; x_wconf 92' lang='lat' dir='ltr'>loco</span> <span class='ocrx_word' id='word_1_252' title='bbox 488 3755 520 3842; x_wconf 78' lang='lat'>[1]</span> <span class='ocrx_word' id='word_1_253' title='bbox 549 3757 717 3821; x_wconf 86' lang='lat' dir='ltr'>testudinis</span> <span class='ocrx_word' id='word_1_254' title='bbox 740 3762 772 3821; x_wconf 88' lang='lat' dir='ltr'>ct</span> <span class='ocrx_word' id='word_1_255' title='bbox 788 3778 880 3840; x_wconf 87' lang='lat' dir='ltr'>prece</span> <span class='ocrx_word' id='word_1_256' title='bbox 903 3757 1018 3822; x_wconf 88' lang='lat' dir='ltr'>blanda</span> <span class='ocrx_word' id='word_1_257' title='bbox 1035 3757 1149 3822; x_wconf 89' lang='lat' dir='ltr'>ducere</span> <span class='ocrx_word' id='word_1_258' title='bbox 1164 3774 1227 3839; x_wconf 93' lang='lat' dir='ltr'>quo</span> <span class='ocrx_word' id='word_1_259' title='bbox 1244 3752 1307 3816; x_wconf 88' lang='lat' dir='ltr'>vel·</span> 
     </span>
     <span class='ocr_line' id='line_1_33' title="bbox 158 3858 1307 3947; baseline -0.003 -23"><span class='ocrx_word' id='word_1_260' title='bbox 158 3860 213 3924; x_wconf 86' lang='lat' dir='ltr'>let.</span> <span class='ocrx_word' id='word_1_261' title='bbox 270 3858 344 3923; x_wconf 81' lang='lat' dir='ltr'>Fuit</span> <span class='ocrx_word' id='word_1_262' title='bbox 374 3861 431 3924; x_wconf 90' lang='lat' dir='ltr'>heo</span> <span class='ocrx_word' id='word_1_263' title='bbox 466 3862 624 3944; x_wconf 87' lang='lat' dir='ltr'>sapiencia</span> <span class='ocrx_word' id='word_1_264' title='bbox 665 3863 842 3946; x_wconf 82' lang='lat' dir='ltr'>quondam,</span> <span class='ocrx_word' id='word_1_265' title='bbox 875 3863 1004 3947; x_wconf 92' lang='lat' dir='ltr'>publica</span> <span class='ocrx_word' id='word_1_266' title='bbox 1039 3861 1174 3946; x_wconf 84' lang='lat' dir='ltr'>privatis</span> <span class='ocrx_word' id='word_1_267' title='bbox 1206 3878 1307 3922; x_wconf 88' lang='lat' dir='ltr'>secer·</span> 
     </span>
     <span class='ocr_line' id='line_1_34' title="bbox 157 3963 1307 4053; baseline -0.003 -24"><span class='ocrx_word' id='word_1_268' title='bbox 157 3987 254 4043; x_wconf 83' lang='lat' dir='ltr'>nere,</span> <span class='ocrx_word' id='word_1_269' title='bbox 284 3985 373 4030; x_wconf 90' lang='lat' dir='ltr'>sacra</span> <span class='ocrx_word' id='word_1_270' title='bbox 398 3966 583 4049; x_wconf 84' lang='lat' dir='ltr'>prophanis,</span> <span class='ocrx_word' id='word_1_271' title='bbox 606 3967 776 4032; x_wconf 89' lang='lat' dir='ltr'>concubitu</span> <span class='ocrx_word' id='word_1_272' title='bbox 803 3967 973 4051; x_wconf 89' lang='lat' dir='ltr'>prohibere</span> <span class='ocrx_word' id='word_1_273' title='bbox 1000 3990 1097 4053; x_wconf 77' lang='lat' dir='ltr'>vagu,</span> <span class='ocrx_word' id='word_1_274' title='bbox 1133 3967 1206 4031; x_wconf 87' lang='lat' dir='ltr'>dare</span> <span class='ocrx_word' id='word_1_275' title='bbox 1221 4008 1222 4012; x_wconf 55' lang='lat'><em>=</em></span> <span class='ocrx_word' id='word_1_276' title='bbox 1237 3963 1307 4027; x_wconf 90' lang='lat' dir='ltr'>iura</span> 
     </span>
     <span class='ocr_line' id='line_1_35' title="bbox 158 4071 1308 4157; baseline -0.003 -22"><span class='ocrx_word' id='word_1_277' title='bbox 158 4071 291 4150; x_wconf 85' lang='lat' dir='ltr'>maritis,</span> <span class='ocrx_word' id='word_1_278' title='bbox 320 4071 437 4154; x_wconf 88' lang='lat' dir='ltr'>oppida</span> <span class='ocrx_word' id='word_1_279' title='bbox 460 4071 587 4151; x_wconf 87' lang='lat' dir='ltr'>moliri,</span> <span class='ocrx_word' id='word_1_280' title='bbox 622 4073 708 4156; x_wconf 90' lang='lat' dir='ltr'>leges</span> <span class='ocrx_word' id='word_1_281' title='bbox 743 4073 881 4138; x_wconf 87' lang='lat' dir='ltr'>incidere</span> <span class='ocrx_word' id='word_1_282' title='bbox 913 4074 1011 4157; x_wconf 89' lang='lat' dir='ltr'>ligno.</span> <span class='ocrx_word' id='word_1_283' title='bbox 1067 4071 1118 4136; x_wconf 83' lang='lat' dir='ltr'>Sic</span> <span class='ocrx_word' id='word_1_284' title='bbox 1144 4071 1246 4135; x_wconf 90' lang='lat' dir='ltr'>honor</span> <span class='ocrx_word' id='word_1_285' title='bbox 1276 4075 1308 4132; x_wconf 91' lang='lat' dir='ltr'>et</span> 
     </span>
     <span class='ocr_line' id='line_1_36' title="bbox 158 4175 1307 4260; baseline -0.003 -21"><span class='ocrx_word' id='word_1_286' title='bbox 158 4197 272 4240; x_wconf 89' lang='lat' dir='ltr'>nomen</span> <span class='ocrx_word' id='word_1_287' title='bbox 296 4176 410 4240; x_wconf 86' lang='lat' dir='ltr'>divinis</span> <span class='ocrx_word' id='word_1_288' title='bbox 426 4176 552 4240; x_wconf 83' lang='lat' dir='ltr'>vatibus</span> <span class='ocrx_word' id='word_1_289' title='bbox 567 4182 663 4260; x_wconf 88' lang='lat' dir='ltr'>atque</span> <span class='ocrx_word' id='word_1_290' title='bbox 680 4178 874 4242; x_wconf 88' lang='lat' dir='ltr'>carminibus</span> <span class='ocrx_word' id='word_1_291' title='bbox 890 4180 1007 4242; x_wconf 74' lang='lat' dir='ltr'>venite</span> <span class='ocrx_word' id='word_1_292' title='bbox 1055 4175 1114 4240; x_wconf 85' lang='lat' dir='ltr'>Sed</span> <span class='ocrx_word' id='word_1_293' title='bbox 1140 4175 1198 4238; x_wconf 88' lang='lat' dir='ltr'>hac</span> <span class='ocrx_word' id='word_1_294' title='bbox 1222 4178 1307 4238; x_wconf 89' lang='lat' dir='ltr'>etate</span> 
     </span>
     <span class='ocr_line' id='line_1_37' title="bbox 158 4278 1307 4366; baseline -0.003 -21"><span class='ocrx_word' id='word_1_295' title='bbox 158 4281 293 4346; x_wconf 88' lang='lat' dir='ltr'>maxime</span> <span class='ocrx_word' id='word_1_296' title='bbox 309 4287 357 4346; x_wconf 88' lang='lat' dir='ltr'>est</span> <span class='ocrx_word' id='word_1_297' title='bbox 371 4281 583 4347; x_wconf 88' lang='lat' dir='ltr'>admiracione</span> <span class='ocrx_word' id='word_1_298' title='bbox 616 4282 758 4365; x_wconf 83' lang='lat' dir='ltr'>dignum,</span> <span class='ocrx_word' id='word_1_299' title='bbox 781 4304 853 4348; x_wconf 89' lang='lat' dir='ltr'>cum</span> <span class='ocrx_word' id='word_1_300' title='bbox 876 4283 1020 4366; x_wconf 89' lang='lat' dir='ltr'>preclara</span> <span class='ocrx_word' id='word_1_301' title='bbox 1043 4281 1173 4363; x_wconf 90' lang='lat' dir='ltr'>ingenia</span> <span class='ocrx_word' id='word_1_302' title='bbox 1195 4299 1252 4343; x_wconf 89' lang='lat' dir='ltr'>nec</span> <span class='ocrx_word' id='word_1_303' title='bbox 1274 4278 1307 4342; x_wconf 90' lang='lat' dir='ltr'>in</span> 
     </span>
    </p>
   </div>
   <div class='ocr_carea' id='block_1_4' title="bbox 722 4421 739 4457">
    <p class='ocr_par' dir='ltr' id='par_1_5' title="bbox 722 4421 739 4457">
     <span class='ocr_line' id='line_1_38' title="bbox 722 4421 739 4457; baseline 0 0"><span class='ocrx_word' id='word_1_304' title='bbox 722 4421 739 4457; x_wconf 68' lang='lat' dir='ltr'>’l‘</span> 
     </span>
    </p>
   </div>
   <div class='ocr_carea' id='block_1_5' title="bbox 233 4477 1202 4596">
    <p class='ocr_par' dir='ltr' id='par_1_6' title="bbox 233 4477 1202 4596">
     <span class='ocr_line' id='line_1_39' title="bbox 233 4477 1202 4596; baseline -0.002 -16"><span class='ocrx_word' id='word_1_305' title='bbox 233 4525 246 4580; x_wconf 94' lang='lat' dir='ltr'>l</span> <span class='ocrx_word' id='word_1_306' title='bbox 267 4526 325 4580; x_wconf 89' lang='lat' dir='ltr'>cod.</span> <span class='ocrx_word' id='word_1_307' title='bbox 344 4477 482 4596; x_wconf 60' lang='lat' dir='ltr'>pacificus.⁴</span> <span class='ocrx_word' id='word_1_308' title='bbox 568 4525 584 4579; x_wconf 78' lang='lat'>2</span> <span class='ocrx_word' id='word_1_309' title='bbox 603 4522 750 4578; x_wconf 83' lang='lat' dir='ltr'>Pharsalia</span> <span class='ocrx_word' id='word_1_310' title='bbox 771 4523 931 4590; x_wconf 82' lang='lat' dir='ltr'>v11‚62ff.</span> <span class='ocrx_word' id='word_1_311' title='bbox 1001 4524 1018 4580; x_wconf 88' lang='grc'>3</span> <span class='ocrx_word' id='word_1_312' title='bbox 1037 4521 1095 4580; x_wconf 88' lang='lat' dir='ltr'>cod.</span> <span class='ocrx_word' id='word_1_313' title='bbox 1117 4537 1202 4578; x_wconf 79' lang='lat' dir='ltr'>voces.</span> 
     </span>
    </p>
   </div>
   <div class='ocr_carea' id='block_1_6' title="bbox 0 0 1558 5252">
    <p class='ocr_par' dir='ltr' id='par_1_7' title="bbox 0 0 1558 5252">
     <span class='ocr_line' id='line_1_40' title="bbox 0 0 1558 5252; baseline 0 0"><span class='ocrx_word' id='word_1_314' title='bbox 0 0 1558 5252; x_wconf 95' lang='lat' dir='ltr'> </span> 
     </span>
    </p>
   </div>
  </div>
 </body>
</html>
