3106 5252
688 457 706 523 1

532 718 804 857 ,ssimae

561 883 763 946 vulvissi
777 885 827 949 ῘΥ

592 979 794 1134 “silut

129 1511 324 1584 Hermann
353 1508 508 1583 Schedel
542 1533 590 1581 en
628 1508 897 1603 Hieronymus,
934 1506 1208 1602 domcepitular
1243 1506 1281 1576 in

330 1631 531 1716 Eichstett.
586 1631 800 1727 [Nnrnberg
828 1655 895 1706 vor
927 1629 1024 1704 1453
1041 1626 1079 1724 ¹].

440 1761 502 1816 clm.
523 1761 612 1816 1141.
632 1763 666 1818 53
684 1759 804 1832 einlage.
842 1760 974 1830 concept.

198 1861 464 1946 Bewerbung
486 1883 546 1925 um
571 1861 642 1925 die
665 1860 903 1926 arztstelle
926 1860 967 1924 in
992 1856 1215 1924 llichstistt.

220 1992 444 2057 Humillimam
468 1991 557 2074 prius
573 1991 916 2056 recommendacicncm
939 1995 971 2054 et
994 1987 1145 2073 quicquid
1168 1990 1287 2073 poterit

23 2145 24 2148 κ
134 2099 425 2165 benivolenciarum
438 2119 495 2181 per
505 2096 746 2162 exhibicionem.
760 2095 968 2161 Honorabilis
977 2095 1102 2158 domine
1111 2091 1285 2172 Jercnimc,

23 2259 24 2262 ,
133 2205 241 2270 fautor
270 2209 302 2268 et
334 2202 434 2266 amice
466 2203 546 2268 mihi
569 2203 736 2268 sinceriter
759 2202 928 2288 diligende.
975 2199 1104 2279 Nostis,
1138 2197 1288 2264 affectum

23 2381 24 2384 Ἴ
134 2313 216 2375 bone
241 2307 416 2374 voluntatis
447 2309 519 2392 plus
542 2309 576 2373 in
609 2308 806 2374 necessitatis
829 2330 924 2392 quam
959 2303 1181 2390 prosperitatis
1208 2307 1289 2367 tem-

135 2409 212 2500 pore
246 2414 315 2481 lore
340 2414 512 2479 veridicum
544 2415 746 2498 comprobari
775 2419 808 2479 et
830 2413 914 2498 quod
937 2411 1085 2476 affectum
1109 2408 1289 2473 huiusmodi

134 2542 199 2585 non
223 2520 392 2595 modicum,
417 2521 589 2584 reverenda
610 2527 717 2586 vestra
739 2524 775 2585 nt
798 2520 888 2586 novit
910 2516 1110 2594 reverencia,
1135 2519 1290 2598 qnantum

136 2647 193 2708 per
217 2645 267 2687 me
289 2623 381 2687 stetit
411 2628 467 2688 ant
490 2626 641 2704 stetisset,
671 2627 777 2690 animo
801 2625 933 2699 libenti,
958 2623 1032 2686 dum
1060 2620 1163 2685 adhuc
1185 2617 1293 2682 Padue

137 2729 231 2792 simul
249 2727 472 2793 constudentes
490 2751 526 2793 ac
540 2732 767 2794 commensales
778 2751 911 2808 eramus,
928 2748 1053 2811 semper
1069 2726 1292 2802 exhibuissem,

23 2881 24 2932 5
140 2836 173 2897 in
196 2839 360 2917 posterum
377 2834 488 2918 utique
511 2835 594 2918 plus,
618 2835 645 2899 si
661 2836 833 2900 altissimus
848 2855 905 2899 nos
927 2833 1036 2898 ambos
1052 2831 1201 2896 similiter
1216 2849 1291 2894 con-

136 2940 294 3024 iungeret,
319 2961 389 3003 cum
409 2938 523 3003 effectu
540 2943 573 3004 et
589 2940 682 3004 hodie
698 2940 889 3005 exhiberem.
935 2937 1091 3004 Similiter
1113 2934 1157 3021 (id
1175 2935 1293 3018 ipsum)

138 3043 171 3106 in
188 3043 396 3107 universitate
415 3042 564 3108 Paduana
580 3049 757 3111 vestrorum
774 3051 933 3110 certorum
954 3066 1016 3108 non
1033 3043 1201 3107 immemor
1219 3061 1293 3105 con-

138 3148 272 3211 sideravi
292 3152 382 3232 parte
398 3171 436 3213 ex
454 3155 559 3214 vestra
581 3150 641 3214 hoc
663 3150 770 3233 ipsum
792 3151 1011 3216 exhibiturum
1034 3169 1108 3213 casu
1131 3145 1293 3210 offerente.

138 3250 257 3316 Verum
282 3253 483 3317 considerans
500 3275 584 3318 nunc
605 3258 724 3319 statum
741 3256 937 3320 medicorum
953 3253 1106 3339 Hystadie
1120 3253 1295 3327 vacantem,

23 3361 25 3448 l
141 3377 274 3439 sperans
297 3358 494 3422 confidencia
511 3360 682 3424 salubriori
705 3365 868 3445 tamquam
885 3361 919 3425 in
942 3382 1024 3438 eum,
1048 3359 1080 3422 in
1104 3379 1198 3441 quem
1221 3377 1295 3420 con·

139 3461 306 3525 fidenciam
331 3463 487 3529 sinceram
506 3464 650 3529 totaliter
665 3486 752 3549 gero,
778 3471 934 3550 quatenus
949 3465 990 3530 ob
1005 3464 1138 3547 antique
1154 3460 1297 3525 amicicie

139 3565 241 3645 fedus,
266 3566 292 3629 si
316 3569 360 3654 ad·
378 3569 567 3635 eleccionem
592 3576 624 3634 et
646 3572 898 3654 assumpcionem
921 3569 1058 3635 doctoris
1080 3568 1114 3630 in
1141 3564 1297 3629 medicina

213 3739 389 3811 lDatirung
413 3744 486 3797 nach
509 3743 572 3798 dem
598 3686 747 3798 Tractalbus
772 3744 806 3799 de
824 3745 916 3813 peste,
945 3743 995 3799 der
1020 3741 1085 3796 clm.
1104 3741 1154 3794 441
1186 3737 1217 3793 in
1235 3754 1298 3792 ver·

139 3827 306 3884 schiedenen
331 3830 466 3886 teilweisc
491 3833 715 3903 eigenhtndigen
743 3834 894 3902 concepten
913 3832 1071 3887 Hermanns
1104 3830 1123 3882 f.
1155 3830 1178 3892 1,
1196 3825 1217 3880 f.
1238 3825 1297 3889 170,

23 3961 25 3988 ,
140 3915 160 3968 f.
179 3915 236 3981 196,
256 3916 274 3972 f.
290 3918 341 3972 205
362 3919 451 3982 steht;
470 3920 491 3974 f.
510 3921 558 3974 37:
580 3921 678 3976 »Anno
691 3921 762 3990 legis
782 3920 877 3992 gracie
891 3921 958 3976 1453
976 3936 1026 3989 per
1046 3934 1091 3973 me
1103 3916 1298 3971 Hermannum

143 4002 261 4056 Schedcl
281 4003 419 4059 medicine
437 4005 578 4062 doctorem
597 4009 627 4060 et
645 4006 682 4061 ad
701 4007 835 4063 honorem
853 4012 919 4062 rem.
931 4006 962 4060 in
976 4005 1088 4059 Christo
1100 4002 1191 4072 patris
1210 4002 1238 4056 ct
1251 4001 1298 4056 do·

23 4063 24 4118 l
141 4088 211 4142 mini
231 4089 256 4143 (1.
276 4091 466 4148 Johannisde
486 4092 573 4157 nich,
602 4093 717 4148 ecclesie
735 4095 922 4162 Eystettensis
949 4093 1053 4164 presuli
1075 4089 1238 4160 dignissimo
1257 4089 1297 4157 (1),

141 4176 174 4231 in
186 4177 265 4231 cuius
279 4179 396 4235 servicio
410 4182 478 4235 tnnc
490 4182 670 4235 existebam«
692 4181 768 4236 Danu
782 4181 843 4236 eine
856 4185 901 4234 crt
913 4180 1058 4237 vorarbeit
1073 4177 1181 4234 ebenda
1194 4179 1212 4232 l.
1225 4173 1301 4236 202b,

29 4275 34 4288 ¹
144 4266 192 4320 ein
211 4265 400 4336 brielconcept
412 4269 570 4322 Hermanns
592 4269 642 4323 »de
655 4268 720 4323 vino
732 4267 816 4323 misso
829 4271 857 4322 et
871 4268 905 4322 de
919 4269 1022 4336 pessa.
1044 4266 1084 4319 Ex
1097 4263 1298 4333 Nuremberga.

143 4353 170 4407 S.
184 4354 256 4408 auch
270 4354 316 4408 die
327 4353 460 4422 fulgendo
471 4372 512 4408 nr.
525 4385 560 4394 -
576 4356 755 4410 Abschriften
766 4357 814 4410 des
824 4355 975 4410 Tractatus
985 4353 1020 4408 de
1033 4356 1110 4424 peste
1123 4351 1154 4406 in
1166 4352 1301 4417 (Gessem

23 4475 25 4504 ,
142 4441 233 4512 brots)
261 4443 320 4498 cod.
348 4441 460 4497 vindob.
485 4441 555 4497 3214
580 4460 621 4496 nr.
651 4443 685 4495 26
710 4442 768 4496 und
792 4442 824 4496 in
850 4443 909 4498 cod.
931 4441 999 4505 11,1
1023 4443 1053 4496 4⁰
1071 4443 1102 4495 61
1131 4441 1181 4494 der
1208 4440 1301 4493 furstl.

148 4525 358 4599 Octtingischen
377 4527 533 4586 bibliotbelr
552 4547 585 4583 zu
601 4526 766 4598 Maihingen
786 4531 849 4599 [aus
868 4530 907 4584 bl.
921 4529 1012 4584 Kreuz
1031 4529 1076 4584 bei
1090 4526 1301 4596 Donanwbrth}

198 4635 303 4680 Schedel.
1078 4617 1091 4677 Ῑ
