3106 5246
679 445 742 512 205

12 647 13 652 ¹
133 624 256 707 grunde
282 625 345 688 und
370 622 560 706 allgemeine
593 622 750 686 annahme
783 621 946 686 bewiesen.
994 620 1109 704 Einige
1132 621 1286 685 einwtirfe

132 729 256 794 werden
291 727 392 793 durch
416 729 545 792 weitere
564 728 789 811 anftihrungeu
813 749 868 792 aus
885 728 944 792 deu
960 727 1082 792 briefen
1104 729 1157 791 des
1174 727 1287 792 Hiero-

131 855 246 917 nymus
268 832 460 918 widerlegtl.

218 937 268 1002 Sit
291 939 352 1002 tibi
367 938 486 1021 itaque,
511 938 559 1002 vir
589 936 779 1015 doctissime,
804 936 1024 1001 munusculum
1050 958 1154 1000 meum
1177 959 1215 999 ex
1238 941 1285 999 te·

132 1045 248 1109 nuibus
270 1045 348 1107 meis
370 1043 456 1128 gazis
478 1042 622 1106 oblatum
647 1044 786 1125 gratum,
809 1042 853 1105 sit
877 1045 1060 1123 acceptum,
1084 1041 1127 1104 sit
1150 1040 1288 1124 denique

132 1147 361 1233 liberalitati[s]
385 1153 440 1213 tue
464 1146 572 1212 favore
587 1146 701 1210 saltem
717 1147 859 1228 dignum,
884 1146 967 1228 quod
990 1167 1053 1209 non
1077 1145 1190 1210 affecto
1214 1167 1285 1210 cum

132 1253 305 1318 maioribus
328 1253 489 1335 beneficijs
516 1253 597 1331 tuis,
630 1252 723 1336 quale
747 1258 795 1316 est
818 1252 983 1316 dictatoris
1006 1251 1123 1334 prefati
1147 1251 1285 1315 doctoris

132 1358 170 1422 de
194 1357 309 1423 Dorste
333 1358 478 1441 magistri
509 1358 571 1422 mei
595 1357 823 1436 collocandum,
847 1360 895 1420 set
910 1377 981 1421 cum
1001 1355 1141 1420 minimis
1165 1355 1288 1419 donan-

132 1463 212 1528 culis
236 1463 510 1546 interponendum.
556 1460 693 1527 Oretum
714 1466 747 1526 te
770 1463 894 1526 demum
918 1462 1031 1539 venio,
1059 1465 1095 1524 ut
1118 1464 1287 1544 postquam

133 1568 250 1652 legeris
271 1572 303 1632 et
328 1569 405 1632 bene
428 1588 502 1651 sepe
537 1569 754 1646 ruminaveris,
778 1567 877 1632 eciam
893 1567 1063 1652 aliquando
1079 1566 1286 1631 lectitandum

12 1663 13 1704 l
130 1673 312 1738 accomodes
335 1672 462 1737 domino
498 1672 684 1738 Hermanno
715 1673 840 1738 Peclren
865 1674 985 1738 arcium
1018 1673 1222 1738 baccalaureo
1255 1676 1287 1736 et

132 1780 234 1843 sancti
257 1776 385 1842 Sebaldi
408 1779 535 1843 ecclesie
560 1777 847 1862 Nurembergensis
879 1778 997 1843 vicario
1020 1782 1186 1861 perpetuo,
1209 1798 1285 1842 con·

133 1882 227 1947 fratri
251 1889 283 1948 et
305 1883 433 1949 domino
463 1904 533 1947 meo
568 1884 730 1966 precipuo,
763 1883 818 1967 qui
847 1903 910 1946 non
934 1883 1050 1946 minori
1082 1880 1199 1946 affectu
1221 1903 1287 1945 me·
1420 1874 1424 1886 '

12 1979 13 2010 ¹
136 1990 236 2055 morie
259 1988 342 2054 lecta
367 1989 603 2054 commendabit
626 1989 832 2071 animumque
854 1988 995 2052 suumin
1019 1987 1070 2051 his
1092 1986 1191 2051 veluti
1216 1986 1288 2068 qui-

12 2157 13 2160 ,
134 2095 265 2159 busdam
288 2094 579 2177 dulcoramentis(!)
617 2093 800 2159 oblectabit.
859 2092 939 2157 Vale
971 2098 1003 2157 ct
1026 2093 1160 2159 fluorem
1181 2091 1287 2175 papiri

135 2221 198 2265 non
220 2201 301 2264 mihi
324 2200 507 2285 imputabis,
531 2201 586 2284 qui
604 2205 714 2284 postea
738 2221 832 2282 quam
856 2200 923 2262 fere
940 2198 1144 2262 medietatem
1167 2196 1288 2261 calamo

135 2305 272 2382 exaravi,
296 2305 435 2389 primum
468 2309 546 2371 tunc
568 2305 689 2370 fluxum
722 2304 827 2387 ipsum
851 2303 1051 2387 experiencia
1081 2302 1174 2368 didici
1210 2303 1287 2366 scri-

135 2410 239 2474 bendi.
285 2408 404 2474 Datum
427 2432 465 2474 ex
489 2409 636 2475 Erfurdia
664 2431 748 2474 anno
765 2431 783 2472 a
798 2408 969 2472 nativitate
990 2408 1110 2472 domini
1132 2406 1290 2470 milesimo

137 2512 478 2600 quadring[eut]esimo
505 2515 739 2599 septuagesimo
762 2518 874 2578 octavo
897 2513 1056 2577 dominica
1078 2533 1142 2596 qua
1164 2512 1289 2577 canitur

137 2619 168 2682 in
193 2618 324 2684 ccclesia
346 2618 446 2684 letare
469 2618 670 2684 Hierusalem
694 2619 754 2684 hoc
777 2624 824 2684 est
848 2618 998 2683 kalendas
1021 2619 1141 2701 marcij.

223 2724 412 2790 Benedictus
436 2725 605 2808 Elwanger
630 2725 732 2789 dictus
755 2725 788 2788 in
810 2723 1043 2808 philozophicis
1066 2724 1230 2808 magister.

224 2829 441 2914 (Hflclrseitclr
486 2829 659 2914 Spectabili
699 2829 768 2894 viro
799 2829 955 2913 magistro
985 2827 1027 2892 N.
1059 2827 1192 2892 Schedel
1223 2850 1289 2892 me·

135 2937 238 3002 dicine
267 2934 436 3020 professori
464 2934 585 3000 illustri
615 2935 740 3019 phisico
771 2934 947 3019 imperialis
979 2936 1119 3000 civitatis
1149 2933 1288 3000 Narem·

136 3041 300 3127 bergensis
325 3039 544 3124 expertissimo
567 3041 695 3106 domino
719 3045 751 3105 et
786 3041 966 3125 preceptori
992 3041 1287 3107 observandissime.

496 3379 766 3464 Undutirbarc
799 3381 938 3466 briefc.

675 3530 759 3604 100.

138 3694 331 3766 Hermann
357 3687 511 3764 Schedel
548 3714 596 3764 an
614 3689 792 3762 Wilhelm
827 3715 862 3762 v.
879 3692 1102 3765 Reichenau.
1153 3691 1286 3784 [Auge-

658 3813 779 3908 burg}

443 3949 505 4003 clm.
525 3949 577 4003 224
594 3948 613 4001 f.
632 3948 680 4004 85¹2
699 3949 818 4018 einlage.
856 3945 988 4018 concept.

138 4076 446 4144 Glficlrwunsch
469 4076 549 4140 und
572 4075 837 4158 ermahnung.
895 4072 980 4139 Lob
1004 4075 1074 4139 des
1097 4075 1288 4139 bischofs

531 4179 696 4245 Johann
719 4177 899 4244 v5Aioh.

226 4319 453 4408 Hlermannus]
471 4317 631 4406 Sch[cdel]
649 4321 678 4384 d.
704 4315 910 4405 Wilh[elm0]
927 4320 965 4383 de
982 4317 1191 4405 Reich[enau]
1215 4341 1287 4402 pre-

137 4428 243 4510 posito
266 4432 324 4491 etc.
348 4427 482 4490 salutem
506 4425 678 4508 plurimam
701 4423 778 4488 dicit
796 4472 904 4488 .....
922 4422 1033 4487 Placet
1057 4425 1191 4486 etmihi
1215 4445 1288 4506 per·

139 4532 356 4614 gratissimum
380 4535 438 4608 est,
461 4531 536 4594 dum
559 4530 795 4608 animadverto,
831 4549 890 4611 per
913 4528 1173 4592 humanissimum
1199 4532 1294 4593 tuum¹
