3106 5252
805 461 848 528 50

259 638 417 718 ceciderit,
441 659 502 703 non
527 641 585 716 est,
610 637 665 720 qui
695 635 840 701 sublevet
869 659 951 702 eum.
1006 637 1039 702 Si
1066 639 1149 702 enim
1172 641 1328 705 maiorum
1353 665 1413 707 no-

258 748 396 810 strornm
429 745 522 810 dictis
549 748 582 808 et
611 742 705 808 foetis
738 743 832 807 inniti
863 743 1075 821 voluerimus,
1105 743 1228 809 nullam
1260 769 1413 831 nmquam

259 850 297 913 ad
317 851 501 916 evertendas
523 850 617 914 urbes
640 851 790 913 maiorem
811 854 948 933 pestem,
983 871 1079 933 quem
1101 849 1290 915 discordiam
1315 853 1414 918 fuisse

259 955 477 1038 comperimus.
534 952 681 1038 Regnum
708 953 793 1017 enim
827 953 860 1017 in
890 975 923 1018 se
953 953 1085 1019 divisum
1118 953 1253 1019 desolari
1286 978 1411 1023 neeesse

258 1063 314 1124 est.
362 1059 477 1125 Exuite
492 1059 620 1143 itaque,
643 1057 749 1122 exuite
782 1079 961 1143 novumque
977 1079 1116 1124 errorem
1141 1061 1291 1143 deponite
1314 1066 1412 1147 atque

256 1164 357 1228 veteri
379 1185 475 1248 paee,
498 1162 665 1228 eoncordia
688 1166 720 1225 et
744 1162 878 1227 ueritate
900 1167 1020 1227 menter
1043 1166 1161 1228 vestras
1185 1164 1310 1230 induite
1332 1187 1408 1250 ope·

258 1290 390 1355 rumque
422 1269 513 1347 date,
547 1287 660 1352 queso,
697 1271 733 1331 ut
761 1266 908 1350 pluribus
939 1268 1034 1332 simul
1059 1273 1092 1332 et
1114 1268 1219 1334 federe
1240 1271 1413 1354 iungendis

258 1374 395 1458 pristina
417 1371 565 1458 potencia
581 1371 765 1450 virtutibus,
789 1373 886 1436 armis
906 1376 938 1436 et
953 1372 1078 1457 legibus
1101 1374 1233 1457 pacifice
1256 1380 1289 1440 et
1306 1376 1414 1461 quiete

210 1521 214 1526 -
257 1477 322 1541 frui
339 1480 371 1542 et
386 1478 431 1542 aio
447 1477 552 1542 vivere
565 1477 708 1554 valoniis,
737 1477 820 1561 quod
838 1477 927 1541 nullo
942 1477 1005 1543 alio
1022 1481 1116 1562 puoto
1144 1501 1238 1564 quem
1266 1480 1410 1563 plurium

258 1581 424 1646 civitatum
447 1581 641 1647 oonflneneie
664 1580 868 1646 efficiundum
893 1585 969 1665 puto
984 1581 1006 1648 ¹.
1052 1581 1174 1647 Vereor
1202 1583 1347 1669 denique,
1371 1607 1411 1648 ne

258 1686 410 1751 molestus
424 1686 514 1750 vobis
530 1686 600 1750 sim.
646 1683 780 1750 Afficior
795 1686 880 1751 enim
895 1689 1000 1753 animo
1016 1693 1112 1773 atque
1136 1687 1294 1754 calamum
1309 1695 1410 1754 retra-

262 1791 338 1856 here
361 1810 493 1875 nequeo,
516 1811 587 1854 eum
605 1789 747 1874 undique
770 1790 952 1855 civitatibus
968 1791 1088 1856 cladem
1105 1791 1270 1857 imminere
1287 1795 1410 1858 videam

228 1891 232 1900 ’
259 1900 460 1980 rectoresque
467 1915 575 1958 eorum
585 1894 633 1981 (t),
645 1895 763 1975 oeulos,
775 1916 876 1974 aures,
890 1918 981 1960 neres
988 1896 1151 1977 habentes,
1168 1898 1284 1978 videre,
1300 1899 1412 1963 audire

258 2001 389 2068 odorere
413 2000 560 2079 tardant,
583 2022 653 2064 oum
677 2005 784 2065 tamen
807 2001 903 2085 longe
927 2002 1030 2068 tuoins
1053 2001 1097 2066 sit
1119 2006 1194 2068 ante
1216 2007 1343 2087 tempus
1358 2025 1412 2069 oe·

259 2128 396 2186 currere,
413 2128 508 2189 qnam
525 2110 597 2189 post
613 2106 812 2170 vulneratam
829 2127 952 2171 oensem
972 2107 1144 2171 remedium
1157 2129 1289 2192 querere
1307 2109 1413 2173 iuxta:

263 2210 404 2276 »Oooure
429 2210 504 2275 dum
519 2211 650 2294 poteria,
675 2233 744 2276 sero
760 2211 914 2276 medicine
930 2215 1071 2294 peretur,
1096 2233 1167 2277 oum
1180 2211 1264 2276 male
1281 2213 1411 2297 prolon-

259 2337 326 2402 ges,
350 2316 511 2381 invaluere
526 2315 690 2400 mora(s).‹
723 2316 765 2380 Et
791 2316 853 2401 hijs
876 2317 965 2381 vobis
980 2317 1040 2381 soli
1055 2317 1166 2382 fidenti
1185 2317 1291 2382 animo
1318 2317 1413 2383 dietis

257 2421 352 2485 finem
376 2418 479 2484 faeere
501 2420 639 2502 institui,
662 2420 723 2486 hoo
748 2428 852 2504 puoto,
874 2428 910 2486 nt
933 2423 972 2488 de
986 2444 1037 2486 me
1060 2422 1106 2486 ite
1121 2427 1276 2487 statutum
1294 2422 1412 2487 habere

259 2526 375 2605 velino,
391 2526 518 2590 nullum
529 2527 648 2592 laboris
659 2532 716 2591 eut
731 2527 931 2592 difficultatis
946 2549 1047 2610 genus
1061 2548 1120 2611 pro
1132 2527 1260 2606 honore,
1278 2529 1410 2593 eomodo

257 2637 291 2696 et
313 2632 457 2696 utilitate
472 2638 578 2696 vestra
596 2655 647 2697 me
663 2655 811 2718 umquam
830 2639 1057 2699 recusaturum.
1103 2629 1290 2719 M[agistro]
1310 2631 1411 2718 H[er-

259 2737 387 2820 manno]
398 2736 520 2822 aliquid
531 2739 730 2821 presentibus
739 2739 926 2804 tradendum
940 2735 1066 2816 stetui²,
1083 2738 1166 2822 quod
1179 2739 1285 2803 videre
1301 2745 1414 2824 atque,

256 2843 283 2906 ri
306 2842 397 2926 eopia
419 2842 486 2905 eius
508 2841 661 2907 haetenus
683 2843 830 2924 defuerit,
854 2845 887 2908 in
910 2845 1068 2908 communi
1084 2865 1192 2908 seeum
1206 2844 1255 2907 uti
1272 2844 1409 2927 placeat.

258 2947 391 3012 Domum
415 2947 519 3011 valere
541 2969 597 3013 vos
627 2953 704 3032 opto
736 2954 769 3013 et
799 2949 898 3016 valeo.
958 2949 1086 3034 Raptim
1112 2971 1149 3012 ex
1173 2946 1319 3034 Wyenne
1344 2951 1414 3032 ipsa

257 3054 308 3117 die
331 3051 520 3135 Magdalene
534 3051 630 3118 L1x0.

347 3156 567 3243 V[alentinus]
592 3155 718 3244 E[ber].

258 3491 432 3564 Valentin
472 3489 569 3564 Eber
602 3517 651 3564 an
695 3490 887 3565 Hermann
932 3489 1096 3565 Schedel.
1168 3491 1276 3564 Wien
1311 3493 1406 3566 1459

746 3614 818 3706 juli
848 3613 907 3685 22.

612 3741 675 3796 olm.
695 3741 747 3796 224
761 3742 780 3794 f.
799 3741 890 3797 336b¹·.
915 3739 1052 3810 Original.

256 3866 503 3932 Politieohe
527 3866 806 3933 neehriehten.
834 3844 1232 3948 Ubersendungvon
1259 3863 1407 3929 schrif-

393 3977 461 4037 ten
484 3974 550 4037 des
575 3973 737 4037 Aeneas
760 3970 927 4035 Silvius
952 3973 1028 4035 und
1056 3969 1267 4034 Berzizzn.

342 4111 381 4178 Se
404 4117 506 4178 totum
531 4111 681 4197 quiequid
704 4115 752 4176 est
774 4109 1001 4194 plurimarum
1025 4110 1137 4175 salute.
1185 4109 1252 4174 Etsi
1275 4109 1401 4194 longius

327 4287 340 4339 1
362 4284 419 4338 Aut
435 4284 510 4339 diere
534 4283 613 4338 stelle
638 4282 748 4338 bezieht
765 4219 993 4355 sicsjedenfalls
1012 4281 1058 4337 die
1080 4280 1407 4351 bemerkungHermann

256 4373 386 4428 Sohedels
400 4389 445 4426 am
459 4371 564 4426 sohlnse
578 4371 685 4441 einiger
698 4370 815 4441 fltiohtig
828 4371 1055 4442 hingeworfenen
1066 4371 1142 4423 ettae
1161 4367 1216 4422 »De
1234 4367 1407 4439 principibus

257 4461 439 4516 Germanieu
463 4459 549 4516 »Vide
560 4460 593 4516 de
604 4459 739 4517 divisione
757 4459 907 4515 civitatum
926 4476 977 4531 per
985 4458 1050 4513 Vel.
1065 4457 1158 4513 libers
1173 4456 1235 4512 clm.
1246 4457 1298 4510 224
1308 4457 1329 4509 f.
1348 4456 1407 4511 283.

256 4550 272 4604 2
291 4547 316 4605 S.
337 4549 386 4602 das
410 4548 547 4619 fulgendo.
