3092 5244
681 481 744 548 129

135 660 225 724 veuit
242 657 264 723 J
267 659 388 722 hesus.‹
437 655 531 722 Certe
547 658 622 723 dum
637 657 720 721 alter
745 658 882 722 alterum
899 661 1043 722 cerneret
1058 661 1091 722 et
1107 657 1297 723 alteralteri

137 766 301 829 dexteram
325 767 507 828 reverenter
529 763 728 846 porrigeret,
766 760 977 844 erumpebant
999 761 1138 843 lacrime,
1162 764 1299 848 quilibet

136 867 317 952 subpressit
339 867 426 932 labia
448 871 481 931 et
506 867 648 951 linguam
676 865 829 945 cohibuit,
854 866 929 950 quia
945 870 1058 930 neuter
1073 867 1111 931 ad
1127 868 1296 932 arbitrium

135 973 226 1057 loqui
248 971 365 1055 potuit.
402 969 570 1054 Singultus
594 971 678 1036 enim
705 971 856 1055 spiritum
872 971 1039 1055 utriusque
1061 971 1241 1056 intercepit,
1265 975 1296 1036 et

134 1079 241 1142 anime
265 1077 347 1140 vires
370 1096 475 1140 meror
497 1076 669 1141 absorbens
693 1075 815 1140 vocales
838 1080 961 1140 meatus
982 1076 1143 1142 anxietate
1166 1077 1292 1161 preclu-

135 1183 240 1248 debat.
288 1179 357 1245 Nec
379 1183 516 1264 protunc
538 1180 594 1244 ille
625 1181 903 1245 reverendissimus
927 1179 1042 1245 Petrus
1070 1180 1133 1246 fuit
1155 1181 1296 1265 optimus

134 1289 331 1364 consolator,
364 1285 439 1368 quia
471 1286 593 1370 proprij
616 1285 754 1368 gemitus
793 1286 966 1351 vincebant
989 1287 1112 1368 ipsum,
1144 1287 1293 1371 quoniam

134 1392 276 1457 multum
309 1391 436 1455 amabat
460 1413 541 1455 eum.
587 1389 662 1456 Ideo
693 1389 859 1454 infremuit
902 1389 1019 1474 spiritu
1042 1397 1075 1455 et
1097 1391 1240 1456 turbarit
1262 1411 1295 1454 se

133 1499 250 1581 ipsum,
273 1503 310 1561 ut
335 1496 419 1560 beati
441 1492 599 1559 Johennis
622 1493 760 1577 apostoli
792 1499 867 1558 utar
887 1494 1003 1559 verbis.
1055 1493 1195 1559 Tandem
1222 1499 1295 1578 post

134 1603 293 1668 modicam
315 1599 475 1664 morulam
498 1597 613 1663 effetus
629 1603 679 1663 est
694 1621 765 1663 eum
795 1599 1015 1682 consolatorijs
1030 1599 1295 1684 predulcibusque

136 1707 254 1773 verbis.
308 1704 429 1780 Quibus
461 1704 578 1768 auditis
614 1701 841 1783 Leonhardus,
865 1702 941 1768 licet
971 1704 1124 1784 infirmus,
1146 1725 1209 1770 non
1233 1705 1297 1769 fuit

133 1834 253 1878 vacuus
282 1813 427 1894 repertus
451 1809 664 1892 responsione,
691 1813 723 1874 et
751 1810 883 1892 insuper
905 1809 999 1872 simul
1021 1808 1235 1892 loquebantur
1258 1812 1296 1875 de

134 1920 192 1982 deo
218 1923 250 1981 et
273 1916 400 1980 taudem
425 1915 463 1977 de
486 1917 596 1977 sancto
625 1912 829 1990 Sebastiano,
862 1914 908 1977 sic
931 1915 1013 1997 quod
1037 1914 1164 1981 auditus
1187 1922 1293 1981 astan-

134 2023 216 2086 cium
242 2021 350 2084 bausit
376 2017 518 2102 placidos
540 2021 573 2081 et
588 2017 823 2083 ammiracionis
850 2038 1018 2099 sermones,
1042 2020 1117 2104 quia
1139 2021 1294 2086 recitabat

7 2117 8 2168 ἶ
134 2125 342 2190 Leouhardus
371 2123 483 2187 ordine
505 2121 635 2185 literato
656 2121 764 2204 plures
786 2120 937 2186 articulos
961 2129 994 2187 et
1022 2145 1084 2188 nou
1108 2126 1254 2190 deviabat
1275 2148 1294 2190 a

133 2232 219 2294 linea
242 2234 330 2295 reeta
352 2229 386 2291 in
417 2248 480 2292 uno
503 2227 579 2290 iota.
637 2225 678 2291 Et
701 2228 776 2292 dum
790 2227 886 2290 finem
904 2228 1105 2311 imponerent
1128 2230 1294 2314 colloquijs

133 2343 164 2401 et
187 2357 284 2399 sanus
308 2356 341 2398 se
357 2334 398 2398 ab
418 2353 495 2417 egro
511 2331 675 2416 elongaret
701 2333 735 2396 in
751 2332 854 2396 multa
876 2332 1019 2398 amicicie
1041 2340 1073 2399 et
1096 2357 1212 2421 magna
1234 2337 1292 2400 tri·

133 2442 237 2518 sticie,
262 2441 378 2504 iterum
405 2436 573 2501 stillabant
589 2439 688 2502 eciam
717 2438 894 2502 astancium
909 2437 1047 2503 lacrima.
1094 2439 1185 2504 Dixit
1199 2461 1293 2506 senus

133 2567 210 2631 egro
235 2544 420 2608 mentaliter
453 2545 509 2605 aut
541 2540 700 2606 effeetn‘:
755 2540 855 2606 »Vale
877 2543 1005 2607 dextera
1033 2566 1118 2622 mea,
1148 2545 1293 2610 domiuus

132 2655 175 2716 sit
199 2656 305 2715 tecum
331 2654 363 2712 et
379 2669 449 2712 eum
463 2646 579 2730 spiritu
596 2652 683 2712 tuo«
741 2646 883 2711 l'leoutra
900 2646 1102 2712 Leonhardus
1118 2648 1211 2714 Petro
1227 2671 1291 2714 me·

132 2756 306 2821 ritissimo:
350 2751 458 2816 »Vade
481 2756 592 2836 pastor
626 2753 788 2827 omnium;
816 2753 859 2815 sit
882 2752 941 2816 tibi
965 2755 1165 2819 recommissa
1186 2757 1293 2820 anima

131 2883 231 2926 mea«
288 2860 405 2922 Astaus
437 2878 497 2940 ego
529 2857 650 2922 revolvi
698 2858 732 2921 in
755 2858 862 2921 animo
894 2879 978 2922 meo:
1017 2858 1121 2936 etich,
1155 2864 1292 2944 quantus

132 2968 224 3032 dolor
242 2968 291 3029 est
306 2963 469 3046 separacio
481 2964 674 3029 confederati
704 2964 797 3028 amici
814 2964 854 3028 ab
870 2964 981 3043 amico,
1004 2965 1056 3029 sed
1072 2965 1173 3029 maior
1187 2966 1292 3029 anime

9 3123 10 3154 ,
131 3096 149 3136 a
179 3091 324 3155 corpore.
380 3069 537 3134 Maximus
566 3076 671 3134 autem
709 3070 814 3134 anime
847 3093 865 3133 a
902 3070 959 3134 deo
992 3070 1026 3133 in
1058 3092 1179 3134 evum«
1231 3068 1291 3134 Sed

9 3163 10 3176 ,
131 3178 207 3261 quid
233 3175 345 3239 deiude
369 3174 489 3266 etplns
507 3176 633 3254 accidit,
669 3175 895 3240 humanissime
911 3174 1169 3240 fraterThome?
1199 3174 1292 3240 Certe

9 3263 10 3286 ³
129 3281 242 3346 statim
273 3285 344 3363 post
376 3301 531 3345 recessum
564 3281 654 3344 illius
697 3281 877 3365 dignissimi
907 3282 1061 3365 presulis,
1094 3282 1169 3346 licet
1202 3282 1291 3365 prius

9 3395 10 3398 ’
131 3387 226 3449 ardor
249 3384 349 3448 febris
372 3384 552 3449 acutissime
575 3387 710 3450 nimium
741 3387 931 3470 decoqueret
951 3388 1172 3471 corpusculum
1188 3386 1290 3450 Leon·

132 3491 236 3569 hardi,
259 3491 445 3573 supervenit
468 3490 606 3573 impetus
640 3490 764 3568 mortis,
787 3496 819 3553 et
842 3489 963 3554 factum
978 3491 1042 3554 fuit
1058 3491 1200 3554 terribile
1224 3491 1289 3554 bel·

131 3597 209 3662 lum.
257 3595 446 3660 Movebatur
470 3595 692 3678 corpusculum
726 3595 764 3659 ds
789 3593 890 3660 latere
927 3594 1088 3672 adlatus,
1111 3615 1236 3659 sursum
1259 3599 1290 3659 et

130 3703 274 3767 deorsum
296 3701 387 3765 dolor
401 3701 699 3765 vehementissimus
739 3699 951 3782 opprimebat,
966 3720 1074 3762 seusus
1093 3699 1290 3778 deficiebant,

132 3807 260 3872 inducie
283 3807 493 3890 negabantur.
562 3804 749 3870 Intellectus
779 3811 884 3868 tamen
916 3809 948 3868 et
971 3805 1055 3869 racio
1078 3804 1289 3888 imperabant,

131 3913 243 3994 legere
266 3911 446 3995 passionem
461 3911 580 3974 domini
602 3911 702 3974 nostri
727 3909 828 3974 dhesu
844 3907 974 3988 Christi,
998 3915 1031 3974 et
1043 3908 1148 3975 factus
1162 3910 1195 3972 in
1212 3931 1288 3993 ago·

132 4017 195 4095 nia,
221 4015 338 4078 iterum
354 4015 465 4080 devote
487 4014 611 4092 orabat,
643 4019 678 4079 et
693 4015 757 4078 sole
773 4015 954 4079 celebrante
969 4015 1143 4079 solsticium
1160 4013 1290 4078 estivale

131 4124 162 4183 et
185 4121 261 4184 dum
285 4118 362 4183 luna
384 4120 443 4183 sub
466 4120 626 4203 principio
662 4120 785 4204 equarij
812 4123 922 4203 ageret
937 4141 1028 4183 suum
1045 4140 1183 4198 cursum,
1206 4140 1289 4184 noua

130 4225 208 4308 iunij
234 4245 317 4289 enno
340 4226 459 4290 domiui
488 4223 650 4288 ΜὋΟΟΟο
693 4225 886 4308 sexagesimo
915 4225 1028 4309 quinto
1061 4224 1163 4288 noctis
1186 4224 1289 4288 medio

130 4331 280 4414 spiritum
308 4330 430 4409 emisit,
476 4333 541 4413 qui,
566 4335 602 4394 ut
625 4350 797 4414 speramus,
819 4329 918 4394 solem
939 4330 1037 4410 adijt,
1068 4330 1123 4413 qui
1145 4350 1289 4394 occasum

702 4467 720 4504 *lt

92 4575 95 4583 ·
204 4556 213 4607 l
235 4553 328 4608 Dieser
346 4572 444 4624 passas
466 4555 665 4610 kenuaeichnet
684 4554 738 4608 den
757 4556 826 4606 wart
845 4552 894 4608 der
913 4569 1020 4622 ganzeu
1039 4552 1232 4623 schildarung.

187 4658 293 4703 scaeua.
1061 4643 1077 4700 9
