3106 5246
796 668 856 738 97.

253 823 444 895 Hermann
461 821 615 895 Schedel
634 847 683 894 en
694 821 870 894 Valentis
887 821 1009 920 [Eber.
1033 821 1230 915 Nurnbcrg
1250 821 1403 918 1475].1

611 978 674 1033 clm.
694 977 782 1032 2141.
802 978 874 1033 27812.
913 976 1043 1048 concept.

415 1099 707 1186 Empfehlung
729 1102 795 1167 des
819 1103 870 1168 dr.
895 1101 1051 1168 Conrad
1074 1101 1235 1168 Schfltz.

251 1290 258 1306 .
278 1292 284 1304 .
302 1292 309 1307 .
329 1290 337 1305 .
355 1237 647 1305 DoctorGonradus
659 1239 787 1322 Schucz,
812 1241 866 1326 qui
886 1241 943 1306 has
958 1243 1048 1306 vobis
1063 1264 1133 1308 meo
1149 1243 1276 1308 nomine
1291 1242 1405 1307 literas

250 1345 370 1422 reddet,
394 1345 473 1408 milri
496 1366 597 1424 carus,
622 1368 716 1430 quem
740 1350 772 1411 et
794 1345 863 1410 loco
891 1343 1085 1411 Valentini⁹
1109 1369 1180 1412 emo
1205 1351 1237 1413 et
1259 1347 1404 1426 observo,

249 1450 299 1514 vir
323 1450 465 1534 integer,
499 1451 588 1515 cuius
619 1454 652 1514 et
681 1451 714 1513 in
745 1473 795 1516 me
826 1453 930 1536 pietas
962 1453 1175 1538 singularisve
1198 1452 1404 1518 observancie

249 1555 433 1640 postulant,
463 1555 637 1620 cottidiana
661 1556 796 1640 denique
819 1557 1031 1637 consuetudo,
1062 1559 1129 1623 vita
1154 1562 1185 1622 ct
1210 1579 1313 1624 mores
1336 1557 1403 1622 exi·

249 1666 342 1745 gunt,
365 1665 397 1724 et
420 1664 456 1724 ut
480 1661 588 1744 paucis
606 1661 708 1725 mults
729 1661 931 1746 complectar,
953 1663 1043 1727 vobis
1060 1663 1230 1749 aliquando
1248 1664 1313 1727 suis
1336 1664 1402 1727 vir-

249 1765 372 1829 tutibus
395 1768 497 1830 notus.
548 1763 664 1829 Vestro
694 1765 836 1846 consilio,
859 1767 979 1831 auxilio
1003 1769 1122 1851 pariter
1137 1773 1169 1833 et
1184 1768 1287 1833 favori
1304 1765 1402 1854 [eum]

249 1869 538 1935 recommendatum
559 1868 651 1950 facio,
675 1871 735 1935 sibi
758 1871 791 1934 in
815 1871 974 1935 codicibus
989 1872 1178 1954 prestandis,
1197 1873 1224 1936 si
1244 1894 1323 1957 quos
1346 1894 1402 1956 pe-

249 1979 306 2054 tet,
331 1975 516 2040 benevolum
544 1982 575 2041 et
598 1975 686 2059 pium
711 1976 859 2041 exhibere
881 1975 987 2041 velitis
1002 1998 1059 2041 oro
1082 1977 1270 2044 humillime.
1318 1976 1403 2042 Novi

248 2078 332 2143 enim
360 2100 415 2143 vos
438 2080 541 2144 virum
565 2101 688 2164 semper
712 2081 742 2145 in
768 2079 954 2145 exhibendis
969 2080 1195 2166 largissimum,
1220 2082 1311 2146 vobis
1335 2082 1400 2146 sin·

248 2183 354 2268 gulari
388 2186 496 2267 grecia
531 2207 549 2248 s
578 2205 700 2250 summo
728 2187 846 2250 datum.
903 2185 931 2249 A
961 2209 1023 2270 quo
1051 2189 1150 2253 eciam
1184 2187 1402 2253 condicionem

248 2293 361 2368 status,
383 2289 592 2355 valitudinem
615 2292 781 2376 utriusque
795 2289 943 2355 'hominis
966 2293 1029 2356 mei
1052 2292 1147 2377 plene
1171 2292 1363 2376 intelligetis
1377 2289 1400 2356 ³.

335 2392 487 2478 Optarem
510 2395 681 2480 aliquando
705 2417 723 2460 a
744 2396 834 2460 vobis
857 2395 1050 2480 intelligere,
1075 2419 1210 2482 quenam
1235 2397 1294 2461 hec
1318 2402 1399 2461 tem·

248 2503 373 2583 pestate
396 2500 503 2582 capita
537 2503 646 2564 nostra
670 2501 744 2565 boni
769 2503 824 2563 aut
847 2501 922 2564 mali
946 2501 1157 2582 molirentur,
1181 2502 1400 2566 turbulentam

248 2605 332 2668 enim
355 2604 521 2669 anxiamve
547 2603 581 2668 in
611 2604 677 2668 dies
699 2625 809 2670 cursus
833 2606 943 2670 mundi
974 2612 1117 2672 nostram
1140 2607 1239 2671 vitem
1265 2607 1400 2691 [fecere]

247 2713 278 2772 et
301 2708 475 2773 multorum
499 2709 642 2776 malicias
665 2711 775 2794 sugeri
798 2711 969 2796 conspicio,
991 2718 1028 2778 ut
1044 2713 1145 2796 magis
1169 2735 1185 2776 e
1208 2711 1275 2776 vita
1287 2761 1398 2779 .....

248 2814 369 2896 [bricht
392 2814 455 2898 cb].

719 2907 927 2916 —Q

796 2993 857 3066 98.

248 3129 440 3204 Hermann
469 3131 624 3206 Schedel
651 3158 700 3205 an
728 3134 943 3206 Hartmsnn
959 3132 1125 3207 Schedcl.
1182 3132 1401 3232 [Nurnberg

633 3256 729 3330 1475
763 3279 830 3330 vor
854 3257 1020 3356 october]
1035 3250 1059 3330 ⁴.

605 3411 668 3467 clm.
687 3411 739 3467 224
757 3413 776 3470 f.
796 3411 869 3469 2781‘.
906 3413 1037 3484 concept.

247 3534 485 3620 Einlsdung
521 3559 596 3601 zur
619 3537 823 3603 hochceit
854 3540 998 3603 seiner
1025 3539 1171 3604 nichte
1194 3537 1398 3605 Barbare

332 3674 472 3740 Salutem
497 3678 666 3762 plurimam
690 3679 776 3746 dicit.
827 3679 961 3764 Aliquot
985 3679 1113 3744 reflexis
1135 3679 1263 3760 diebuS,
1288 3679 1400 3746 doctor

245 3781 373 3867 egregie
397 3788 429 3846 et
445 3786 559 3866 patrue
575 3784 745 3863 carissime,
772 3783 943 3848 Bcrhcrsm
963 3783 1131 3868 virginem,
1155 3782 1254 3848 filiam
1279 3785 1399 3850 sororis

787 3899 807 3934 *lt

317 3957 330 4009 1
351 3955 469 4010 Adresse
486 3957 560 4010 nceh
572 3957 663 4010 ciuem
675 3957 877 4012 »Valentinus«
897 3957 927 4011 in
938 3958 988 4012 der
1006 3958 1067 4012 hier
1082 3957 1159 4013 nicht
1178 3957 1397 4028 cbgcdruckteu,

245 4046 322 4100 sonst
339 4043 511 4100 inhsltlosen
534 4044 698 4114 sinleitung.
736 4046 841 4099 Datum
869 4046 942 4100 neeh
961 4046 1012 4100 der
1029 4045 1154 4116 stellung
1172 4045 1211 4100 im
1230 4045 1315 4102 codex
1334 4063 1398 4100 sum

244 4130 404 4200 folgenden.
475 4130 575 4202 cvgl.
595 4132 665 4188 oben
684 4151 726 4186 nr.
746 4133 788 4187 81.
878 4133 1008 4188 3Diescr
1026 4136 1085 4188 sctz
1106 4135 1188 4189 sollte
1207 4133 1282 4190 wohl
1299 4132 1397 4188 weitcr

244 4218 315 4272 oben
334 4217 437 4281 (hintcr
456 4236 504 4275 oro
516 4217 707 4288 humillimc?)
726 4218 931 4288 eingeschoben
950 4221 1068 4284 werden,
1090 4221 1161 4277 doch
1179 4219 1252 4274 fehlt
1271 4219 1317 4275 ein
1337 4237 1398 4276 vcr-

243 4304 501 4374 weisungszeichcn.
608 4309 625 4362 4
644 4307 699 4362 Des
718 4308 817 4362 datum
842 4309 879 4363 ist
897 4311 1036 4379 gesicbert
1054 4310 1141 4364 durch
1161 4309 1214 4363 den
1232 4308 1348 4379 sintrsg
1364 4309 1398 4362 in

245 4393 418 4448 Hartmanns
446 4394 652 4450 hsuslralender
672 4397 744 4464 [clm.
760 4399 834 4467 533]:
859 4398 926 4452 1475
946 4400 999 4454 oct.
1021 4398 1061 4453 17.
1082 4396 1259 4452 »celebravit
1278 4397 1395 4467 nupcias

244 4481 339 4537 doctor
357 4481 533 4536 Hermannus
552 4500 615 4537 cum
640 4485 699 4539 filis
717 4485 842 4541 sororis«.
882 4485 946 4555 Vgl.
967 4486 1075 4541 ebendc
1095 4487 1161 4542 1476
1180 4501 1243 4540 nov.
1264 4486 1297 4539 2:
1331 4485 1395 4540 »Pe-

243 4569 316 4642 perit
334 4570 422 4625 filium
441 4571 613 4626 Grunvcltin
631 4571 661 4625 in
679 4573 794 4628 meridie
812 4573 949 4628 sebethi«
