3106 5246
800 481 862 546 182

257 653 462 718 incurrisset:
501 648 549 714 De
570 650 677 718 studio
700 676 756 721 sno
779 659 816 721 ut
837 679 892 724 vos
914 657 1081 724 certiorem
1103 656 1250 737 reddam,
1282 656 1406 736 scitote,

259 759 343 842 quod
367 757 504 840 diligens
527 756 664 824 multum
689 761 771 841 fuit,
802 764 980 828 sedunum
1007 761 1172 846 displicuit
1193 762 1259 827 suis
1282 761 1410 827 confra-

256 863 372 928 tribus.
416 859 501 926 Nam
525 883 596 927 cum
620 863 715 930 homo
738 868 930 932 naturaliter
952 868 996 932 sit
1017 866 1135 931 animal
1158 865 1342 950 polliticum
1361 863 1410 929 di-

256 968 361 1051 ligem
384 967 579 1048 societatem,
605 970 673 1054 ipse
696 995 771 1038 vero
796 975 995 1039 desiderabat
1010 995 1136 1057 semper
1150 973 1330 1038 solitariam
1352 972 1411 1036 du·

257 1094 328 1138 core
351 1073 469 1151 vitam,
501 1093 572 1136 cum
604 1074 643 1138 de
674 1077 767 1141 scolis
791 1077 936 1144 Ferraria
958 1082 1106 1158 venerat,
1139 1078 1173 1142 in
1202 1097 1326 1142 camera
1355 1097 1414 1140 sua

257 1178 346 1243 solus
370 1177 557 1260 permansit,
580 1178 723 1262 singulas
751 1183 925 1248 claudendo
956 1181 1114 1247 fenestras
1137 1182 1244 1266 ibique
1267 1185 1410 1247 contem-

257 1282 387 1368 plando,
410 1282 484 1346 inde
507 1303 569 1347 non
593 1284 701 1350 exiens
724 1288 785 1352 nisi
808 1292 952 1372 tempore
968 1288 1094 1372 prandij
1119 1287 1169 1352 vel
1186 1309 1269 1352 cone.
1309 1284 1412 1350 Tran-

259 1389 340 1454 situs
367 1387 445 1467 eius,
467 1390 637 1472 postquam
662 1390 744 1456 hanc
764 1392 878 1457 incidit
900 1393 1117 1473 debilitatem,
1144 1393 1208 1457 fuit
1229 1391 1417 1476 frequenter

257 1496 292 1559 in
316 1493 509 1558 monasterio
531 1493 813 1576 sanctiDominici,
837 1499 875 1563 ad
891 1499 1035 1564 ordinem
1060 1498 1144 1562 huno
1160 1501 1228 1561 toto
1246 1495 1412 1562 conamine

261 1599 365 1665 cordis
387 1599 552 1682 aspiravit.
598 1599 704 1666 Etiam
724 1623 842 1682 omnes,
865 1604 920 1690 qui
944 1608 1101 1670 noverunt
1123 1624 1206 1679 eum,
1228 1602 1289 1665 sibi
1312 1601 1414 1666 visce-

261 1725 334 1770 rosa
356 1704 645 1786 compatiebantur.
694 1705 769 1772 Vidi
784 1707 897 1772 flentes
912 1713 944 1772 et
960 1707 1114 1772 eiulantes
1137 1705 1296 1789 hospitem
1319 1727 1415 1770 suum

260 1831 456 1894 uxoremque
479 1809 555 1890 eius,
579 1815 683 1876 totam
708 1811 862 1878 familiam
886 1818 1018 1896 propter
1035 1812 1200 1877 honestum
1224 1811 1291 1876 eins
1315 1811 1414 1875 vitam

260 1938 332 1983 curn
356 1914 502 1995 recessit,
534 1915 614 1980 milri
646 1915 751 2000 ipsum
784 1940 990 2002 sepenumero
1024 1917 1316 1983 recommendando.
1362 1915 1416 1981 Sic

260 2045 294 2086 sc
317 2043 394 2104 ergo
416 2020 538 2099 habuit,
562 2025 598 2084 ut
621 2021 756 2086 dilectus
780 2023 837 2086 deo
861 2027 892 2087 et
909 2023 1091 2087 hominibus
1113 2022 1176 2086 luit
1191 2023 1224 2085 et
1239 2043 1323 2087 nunc
1347 2022 1417 2086 cius

261 2126 416 2192 memoria
439 2126 472 2190 in
496 2125 719 2190 benediccione
742 2131 798 2191 est.
846 2125 882 2190 ln
915 2127 1147 2210 presentiarum
1168 2147 1299 2190 exarare
1321 2127 1417 2209 plura

263 2253 327 2297 non
360 2236 542 2296 occurrunt.
599 2229 683 2310 Sed,
715 2254 827 2316 queso,
855 2233 1145 2296 recommendatum
1167 2253 1217 2296 me
1239 2230 1417 2315 plurimum

262 2333 433 2424 habe[a]tis
454 2341 487 2400 et
519 2335 676 2418 precipite
699 2357 824 2420 semper
850 2359 887 2402 ac
918 2337 1066 2402 mandate
1099 2337 1145 2400 uti
1174 2341 1280 2400 vestro
1312 2335 1416 2400 unico.

260 2442 376 2509 Valete
406 2441 553 2506 feliciter.
607 2440 736 2524 Raptim
772 2465 810 2508 ex
842 2442 989 2527 Venecijs
1020 2465 1104 2507 anno
1127 2448 1187 2508 etc.
1220 2443 1300 2506 lxix⁰
1328 2441 1419 2507 xxix⁰

262 2548 380 2613 mensis
399 2545 474 2630 julij
490 2545 511 2611 ¹.

350 2651 471 2736 Caspar
505 2650 609 2716 Haser
641 2653 823 2735 predicator
856 2659 888 2718 et
923 2655 1105 2749 capellanus
1129 2652 1276 2718 Veneciis
1311 2658 1417 2719 vester

262 2759 378 2846 utique
400 2757 611 2822 indubitatus.

337 2985 437 3053 lVgl.
466 2983 535 3038 tiber
562 2982 704 3039 Johannes
725 2985 841 3040 Schedel
871 2985 943 3041 noch
970 2984 1016 3040 die
1043 2985 1245 3042 bezeichnende
1271 2987 1346 3043 notia
1375 2987 1421 3044 bei

265 3071 460 3127 wattenbach
479 3070 687 3141 [Forschungen
708 3071 755 3141 xl]
775 3072 835 3128 352.
872 3071 926 3126 Fur
950 3071 1009 3127 sein
1028 3072 1230 3130 wanderliches
1248 3091 1338 3130 wesen
1357 3075 1421 3130 sind

266 3161 340 3217 auch
359 3159 469 3216 allerlei
496 3159 779 3229 randbemerkungen
805 3162 834 3214 in
862 3162 925 3217 dem
950 3180 1004 3218 von
1027 3161 1086 3216 ihm
1112 3160 1329 3229 geschriebenen
1349 3179 1423 3232 cgm.

266 3251 317 3303 367
336 3265 369 3300 au
389 3246 536 3310 beachten,
555 3265 585 3302 ao
599 3248 618 3300 f.
634 3249 713 3302 152122
735 3247 806 3302 »Der
825 3249 971 3304 Muffelens
989 3251 1029 3304 sel
1047 3266 1101 3319 pay
1115 3251 1180 3302 sant
1193 3249 1332 3304 Lorenaen
1352 3250 1423 3320 ging

266 3337 336 3406 lang
355 3333 394 3389 im
414 3334 483 3390 haus
502 3333 578 3388 vmb.
609 3334 650 3390 Do
670 3333 778 3390 beswur
797 3335 836 3388 sie
854 3334 898 3389 ein
917 3335 1035 3404 priester
1054 3353 1109 3390 von
1128 3337 1193 3388 sant
1204 3335 1368 3399 Lorenczen,
1387 3335 1423 3390 do

267 3425 367 3494 begert
395 3422 435 3478 sie
453 3422 539 3478 etlich
567 3422 630 3478 mall
649 3423 751 3478 durchs
778 3423 846 3478 Gots
864 3421 968 3479 willan.
1004 3422 1045 3479 Do
1074 3422 1120 3477 die
1146 3422 1243 3478 selben
1262 3422 1423 3494 vollpraoht

267 3513 390 3578 wardan,
410 3512 446 3567 do
458 3511 524 3567 sach
538 3529 605 3566 man
617 3511 643 3565 ir
658 3529 771 3580 nymen.
798 3511 914 3564 Factum
926 3511 1009 3566 1464«
1024 3510 1090 3566 oder
1101 3512 1119 3564 f.
1137 3512 1201 3566 158:
1221 3509 1260 3565 »0
1280 3510 1318 3564 du
1335 3510 1424 3566 lieher

267 3601 362 3664 himel‚
381 3599 433 3654 wie
451 3600 528 3670 pista
547 3600 589 3654 ale
609 3600 683 3664 weit,
703 3601 773 3669 lang
792 3599 848 3653 vnd
862 3597 933 3668 gross
947 3599 1004 3653 vnd
1023 3597 1132 3653 sehon«.
1152 3599 1173 3654 f.
1194 3599 1260 3654 189:
1291 3598 1365 3654 »Ubi
1382 3601 1425 3654 est

267 3707 322 3760 pax
341 3687 396 3742 nisi
405 3688 435 3740 in
447 3686 556 3742 collat«
577 3688 655 3742 dann
670 3687 723 3743 mit
736 3688 839 3742 andrer
851 3687 943 3742 feder:
965 3687 1051 3741 »Sunt
1063 3685 1130 3742 foris
1143 3685 1197 3741 nisi
1211 3686 1310 3742 bella·
1333 3687 1422 3742 Eben·

269 3777 306 3831 da
324 3779 430 3830 unten:
451 3775 502 3830 »28
520 3775 638 3830 wunden
660 3777 690 3830 in
712 3777 758 3831 ein
776 3792 906 3830 wammes
927 3775 982 3829 vnd
1001 3792 1031 3830 er
1051 3774 1088 3828 ist
1107 3774 1186 3830 nicht
1203 3777 1284 3830 wunt
1302 3775 1424 3837 worden,

269 3865 321 3919 hat
340 3863 385 3918 ein
404 3865 487 3932 segen
506 3859 586 3918 lunt.
633 3863 666 3917 ln
685 3863 733 3918 dec
763 3860 892 3932 pischoffs
918 3879 971 3918 von
996 3860 1163 3932 Wircapurg
1191 3861 1421 3918 scharmdtaeln.‹

269 3952 351 4006 Danu
365 3951 383 4005 f.
397 3952 479 4006 alab:
500 3951 593 4013 »1462
614 3953 656 4014 63,
670 3954 711 4006 64.
749 3949 887 4005 Oeetates
901 3949 1028 4014 tristicie,
1042 3967 1090 4006 vos
1101 3949 1259 4006 recessistis.
1296 3949 1336 4004 111
1350 3967 1423 4004 sum·

268 4057 328 4095 mer
345 4040 405 4094 sein
423 4038 481 4103 hin,
500 4039 631 4094 hummen
651 4037 817 4108 ewiglichen
836 4037 915 4093 nicht
934 4036 1093 4093 horwiden«
1117 4067 1149 4078 -
1167 4039 1200 4092 ln
1219 4038 1283 4093 dem
1302 4037 1422 4093 brielde·

269 4130 331 4182 tum
349 4125 387 4180 ist
407 4125 550 4180 vielleicht
576 4126 640 4196 jnni
665 4128 738 4181 statt
758 4126 814 4197 juli
842 4144 874 4180 au
900 4126 989 4190 lesen,
1020 4125 1058 4180 da
1077 4124 1239 4181 Hartmann
1258 4125 1376 4182 Sohadel
1393 4125 1421 4180 in

271 4215 376 4271 acinam
394 4214 601 4270 hauslralender
621 4214 697 4285 [olm.
718 4213 782 4283 533]
801 4214 885 4269 sehon
904 4231 966 4268 cum
980 4215 1002 4264 l.
1013 4212 1069 4284 juli
1083 4213 1150 4267 1469
1160 4214 1263 4269 notirt:
1285 4211 1423 4268 »intravit

270 4303 325 4359 isto
343 4303 387 4358 die
406 4305 495 4356 frater
514 4319 590 4357 meus
608 4303 750 4359 Johannea
775 4303 901 4358 ordinem
926 4301 1134 4372 predicatorum
1152 4301 1182 4355 in
1201 4299 1420 4370 Nuremberga.«

750 4571 959 4580 ----—-——-
