3106 5246
670 426 730 493 181

126 599 339 665 retraxissem.
385 599 505 666 Verum
521 605 653 685 propter
664 602 895 668 abstinenciam
911 604 1054 681 nimiam,
1079 603 1111 668 iu
1138 627 1201 689 qua
1224 627 1280 689 per

125 726 266 770 mensem
298 705 330 770 in
365 708 482 773 mundo
516 708 607 773 stetit
640 730 673 774 se
706 708 860 792 probans,
899 708 1114 794 pusillanimis
1149 709 1279 776 effectus

125 808 260 876 delirare
283 810 380 896 cepit*
393 811 561 897 inquiens:
608 813 762 879 »Domine
785 812 925 898 Caspar,
958 835 1014 880 our
1045 814 1107 880 huc
1137 813 1279 894 venistis,

124 916 209 979 novi.
256 916 339 993 Quia
360 917 458 982 vultis
473 917 578 984 facere
599 939 708 1003 paoem
725 920 878 985 interme
896 925 929 984 et
951 919 1140 1003 principem.
1169 919 1280 985 Placet

124 1019 215 1101 mihi,
238 1020 351 1086 dicatis
366 1022 514 1108 principi,
537 1028 573 1088 ut
597 1045 661 1088 non
683 1025 806 1104 timeat,
829 1022 905 1090 nolo
928 1025 1012 1090 enirn
1037 1022 1205 1090 molestare
1228 1025 1279 1108 ip-

125 1147 195 1190 sum
218 1147 322 1212 neque
342 1127 405 1193 sibi
427 1128 592 1194 subiectos.
652 1128 751 1194 Pavet
774 1130 868 1210 enim,
894 1129 977 1215 quod
1000 1127 1097 1194 velim
1118 1129 1279 1212 principes

126 1231 164 1294 de
188 1230 381 1297 Alemannis
418 1233 551 1299 incitare
577 1239 689 1300 contra
711 1257 792 1300 eum.
847 1234 951 1310 Absit,
981 1240 1018 1300 ut
1047 1235 1106 1299 boc
1127 1255 1279 1318 umquam

126 1335 251 1401 luciam.
297 1336 435 1403 Exosum
450 1360 522 1404 cum
540 1340 606 1404 suis
621 1338 633 1376 ¹
648 1340 918 1406 commilitonibus
933 1363 983 1406 mc
998 1340 1105 1420 hebet,
1128 1341 1204 1425 quia
1217 1339 1280 1406 ieci

125 1464 192 1507 rem
214 1445 385 1526 grandem,
419 1466 480 1531 que
508 1445 654 1511 inaudita
692 1451 740 1512 est
770 1447 808 1512 de
831 1445 940 1532 aliquo
962 1444 1148 1511 Alemanno.
1193 1443 1278 1510 Nam

127 1569 198 1612 mea
221 1548 380 1615 industria
402 1553 580 1635 procuravi,
603 1556 641 1617 ut
664 1552 717 1618 hic
739 1550 934 1636 peramplius
950 1573 1012 1616 non
1034 1551 1151 1615 ducant
1172 1571 1279 1616 coreas

126 1674 230 1737 neque
262 1654 413 1720 mulieres
446 1658 480 1720 in
512 1657 652 1722 vestibus
689 1656 802 1741 longas
832 1657 978 1721 deferant
1010 1657 1132 1721 caudas.
1185 1654 1279 1720 Modo

123 1757 287 1843 vellent(!)
312 1760 427 1844 pacisci
450 1783 583 1842 mecum,
614 1768 651 1828 ut
672 1762 821 1827 iniuriam
846 1762 969 1826 illatam
992 1783 1057 1827 non
1084 1761 1278 1827 vindicarem

126 1864 356 1948 quiapropter
383 1867 551 1932 veritatem
578 1888 628 1932 me
661 1866 836 1950 mancipari
867 1868 1064 1932 conabantur
1088 1865 1276 1941 carceribus,

126 1965 255 2034 tamen¹
272 1991 310 2033 ex
326 1970 434 2035 divina
457 1971 600 2037 bonitate
623 1971 721 2055 effugi
737 1993 850 2036 manus
866 1971 1097 2036 insidiancium.
1129 1968 1279 2055 Ignoscat

127 2074 172 2137 eis
195 2075 281 2153 deas,
306 2075 360 2140 sed
386 2097 447 2158 ego
469 2077 592 2162 gaudeo
615 2098 670 2142 vos
694 2077 824 2143 venisse.
858 2075 940 2141 Nam
959 2097 1013 2142 vos
1036 2076 1090 2142 hic
1113 2075 1197 2153 estis,
1223 2076 1278 2160 qui

126 2200 190 2242 rem
215 2183 323 2262 potest
345 2181 527 2265 gratificare
548 2188 630 2247 etur
680 2181 751 2246 Hiis
768 2187 800 2246 et
824 2180 1071 2266 quamplurimis
1093 2180 1165 2246 aliis
1187 2203 1276 2266 yma·

126 2283 347 2366 ginacionibus
369 2290 402 2349 et
416 2283 562 2352 fantasiis
585 2288 704 2352 auditis
720 2287 924 2371 diligenciam
943 2287 1172 2352 exactissimam
1194 2285 1279 2351 circa

127 2409 198 2453 eum
230 2389 308 2468 feci,
341 2390 401 2454 sibi
425 2393 663 2475 persuadendo,
693 2392 721 2458 si
740 2393 866 2479 ingredi
890 2392 987 2459 vellet
1012 2391 1214 2476 religionem,
1242 2395 1277 2454 ut

127 2495 246 2560 faceret
259 2493 480 2583 Nuremberge
502 2500 540 2563 ad
564 2498 814 2565 consolacionem
838 2500 976 2564 fratrum
1001 2502 1033 2563 et
1057 2500 1277 2579 cognatorum.

127 2600 263 2666 Promisi
288 2601 386 2666 eciam
409 2603 622 2686 personaliter
645 2604 725 2668 velle
748 2625 851 2668 secum
870 2604 902 2668 in
927 2603 1032 2668 locum
1055 2602 1102 2666 ire
1123 2599 1276 2665 nativita-

125 2707 176 2770 tis.
223 2703 331 2771 Primo
354 2707 436 2773 dixit
457 2730 491 2774 se
513 2709 809 2792 obtemperaturum
831 2709 991 2774 voluntati
1016 2728 1094 2772 mee.
1136 2704 1277 2770 Tandem

127 2833 220 2876 mane
242 2814 402 2878 revocavit
423 2815 540 2893 omnia,
564 2835 626 2898 que
649 2814 805 2898 promisit.
853 2813 965 2878 Multis
991 2813 1093 2898 igitur
1116 2811 1277 2895 premissis

13 2945 14 2980 3
126 2918 403 3000 persuasionibus,
436 2919 662 2985 blandimentis
695 2924 728 2985 et
750 2919 962 3004 peticionibus
985 2919 1058 3000 post
1081 2917 1223 2982 triduum
1245 2937 1278 2981 se

126 3023 259 3088 tuicioni
282 3045 351 3088 mee
372 3025 520 3090 submisit
543 3030 576 3090 ct
605 3047 655 3091 me
677 3046 776 3108 usque
805 3023 959 3090 Veneeiaa
985 3020 1221 3087 comitabatur⁸
1245 3025 1278 3086 et

126 3149 252 3212 semper
276 3130 431 3213 paulatim
454 3132 487 3196 iu
511 3131 626 3196 itinere
648 3131 761 3196 melius
784 3153 820 3196 ac
842 3130 956 3194 melius
978 3151 1011 3194 se
1032 3128 1156 3209 habuit,
1180 3128 1277 3193 mori·

130 3239 271 3319 geratur,
294 3235 525 3321 disciplinatus,
548 3239 680 3303 devotus
702 3258 739 3304 ac
754 3238 903 3322 pacificus
917 3237 1008 3301 valde
1023 3234 1095 3302 fuit.
1133 3232 1278 3299 Veneciis

127 3341 217 3425 quasi
245 3363 301 3424 per
331 3343 523 3426 quindenam
549 3345 583 3406 in
613 3343 813 3410 habitacione
843 3365 913 3408 mea
940 3341 1004 3406 init
1039 3345 1070 3404 et
1094 3339 1278 3422 penitusue

125 3447 286 3513 voluntati
304 3469 373 3512 mee
395 3449 639 3532 obtemperavit.
692 3447 759 3514 Nec
788 3449 915 3513 domum
947 3447 1033 3511 exire
1057 3445 1194 3509 audebat
1216 3443 1278 3507 nisi

125 3573 196 3618 meo
219 3573 382 3632 consensu,
405 3554 515 3638 ibique
531 3555 569 3618 de
582 3554 709 3618 cibariis
732 3558 764 3618 et
779 3552 919 3638 potagijs
939 3551 1000 3615 sibi
1019 3547 1279 3614 convenientibus

127 3659 339 3741 provisionem
362 3659 422 3722 leci
445 3659 552 3744 sicque
585 3660 787 3743 preveniente
820 3660 926 3724 divina
949 3656 1059 3742 gracia
1084 3655 1163 3719 bene
1184 3655 1277 3718 resti·

126 3768 216 3827 tutus
245 3761 317 3830 fuit.
373 3761 514 3829 Tandem
547 3785 662 3848 equum
694 3765 755 3830 sibi
777 3763 958 3849 comparavi
982 3767 1013 3826 et
1040 3759 1194 3824 famulum
1217 3757 1278 3821 sibi

127 3868 328 3952 adiungendo
345 3867 377 3932 in
393 3869 541 3951 patriam,
557 3873 595 3934 ut
609 3871 749 3934 creditur
766 3869 966 3946 incolumem,
983 3866 1099 3932 remisi.
1140 3863 1174 3928 si
1189 3864 1279 3936 vobis

127 3973 353 4057 parenteleque
388 3994 443 4038 sue
466 3996 531 4039 rem
555 3980 681 4059 gratam
705 3975 775 4054 feci,
799 3975 914 4058 placet,
938 3973 965 4037 si
990 3993 1088 4050 secus,
1114 3968 1278 4053 indulgeat

127 4078 308 4142 altissimus.
343 4075 426 4142 Vere
449 4080 475 4142 si
499 4099 668 4162 germanus
692 4079 859 4156 extitisset,
883 4099 946 4142 non
972 4077 1100 4160 pociora
1126 4073 1276 4140 fecissem.

127 4182 246 4267 Spero,
279 4183 362 4268 quod
393 4205 555 4268 nunquam
580 4183 778 4249 obliviscitur
810 4183 880 4249 mei.
928 4181 961 4245 Si
991 4181 1111 4245 nonin
1137 4182 1279 4260 tempore

128 4291 217 4355 iuxta
239 4289 324 4354 dictu
347 4290 541 4354 medicorum
565 4288 831 4373 prolevissemtl),
861 4287 1016 4352 iacturam
1038 4306 1100 4349 non
1125 4284 1277 4349 modicam

199 4509 212 4563 l
232 4507 332 4563 Falach
351 4506 397 4560 fiir
416 4507 508 4562 meis?
582 4506 675 4562 icod.
691 4447 762 4561 bum.
836 4508 852 4560 3
870 4503 929 4562 cod.
949 4504 1129 4558 imitabatur.
