3106 5246
666 469 728 535 155

119 647 190 730 quia
209 646 363 728 scriptum
381 649 446 709 est:
473 643 630 708 »Multum
645 644 731 709 valet
746 645 927 729 deprecatio
943 645 1020 709 insti
1036 643 1192 722 assidua«,
1206 641 1215 678 ¹
1239 647 1272 706 et

119 752 199 836 quod
224 752 355 836 propria
378 751 568 836 quandoque
597 755 673 816 nota
704 772 766 816 non
790 751 955 830 obtinent,
985 749 1064 814 iacit
1087 747 1271 813 intercessio

118 856 220 922 aliena
237 907 243 920 .
263 907 270 924 .
291 905 323 922 ..
570 863 573 873 ’

17 1024 21 1056 μ
204 959 310 1045 Super
332 961 438 1045 prime
461 961 647 1026 transmissa
669 959 807 1045 epistula
830 959 994 1026 sufficiant
1011 960 1068 1024 hec
1084 959 1145 1024 tibi
1160 981 1270 1044 pauca.

117 1066 264 1131 Ceterum
296 1066 465 1151 gauderem
500 1065 692 1150 plurimum,
722 1065 750 1129 si
773 1067 807 1129 in
830 1065 967 1131 secunda
990 1065 1179 1131 transmissa
1202 1065 1270 1148 epi·

118 1171 200 1236 stuta
224 1192 327 1236 sermo
344 1177 419 1236 tuus
434 1175 515 1236 esset
539 1170 708 1236 modestior
728 1176 760 1237 et
775 1172 957 1251 correctior,
980 1171 1007 1236 si
1031 1171 1143 1256 lingua
1165 1175 1220 1233 tua
1236 1170 1270 1234 in

117 1276 240 1342 lubrico
257 1277 491 1358 nonrerideret
506 1282 538 1342 et
551 1299 600 1341 me
612 1277 658 1343 sic
669 1278 792 1343 caninis
805 1278 953 1343 dentibus
965 1277 1101 1342 roderet.
1126 1273 1270 1359 Respon-

114 1402 206 1446 surus
219 1386 326 1447 tamen
337 1383 527 1448 intensionis
538 1404 607 1447 mee
616 1382 816 1466 propositum
831 1383 1070 1450 subventurum
1082 1381 1269 1465 compendio

118 1487 243 1552 resolvi.
278 1486 315 1551 ln
332 1489 445 1571 primis
460 1508 531 1552 eum
548 1487 644 1553 dieis:
663 1487 785 1563 ’Quare
800 1493 833 1552 te
844 1488 950 1570 sepius
964 1485 1173 1572 ingemiscere
1189 1507 1270 1562 reor,

117 1612 177 1676 quo
188 1592 235 1655 nil
247 1613 399 1676 umquam
411 1613 480 1658 meo
493 1592 610 1657 iudicio
621 1593 738 1658 maiore
750 1591 994 1677 reprehensione
1007 1593 1139 1676 dignum
1151 1589 1271 1668 censui,

116 1717 202 1761 more
225 1695 428 1777 mulierum,
442 1697 633 1778 Hermanne,
650 1719 754 1764 nonne
772 1699 856 1766 luxit
873 1698 1114 1782 prothoplastus
1126 1697 1270 1782 genitum

116 1821 210 1866 snum
226 1799 307 1866 Abel
332 1824 390 1887 per
412 1803 572 1868 curricula
596 1803 632 1888 [f.
650 1802 742 1886 276³]
766 1824 922 1868 annorum
938 1807 1076 1882 centum,
1099 1802 1184 1867 utin
1202 1821 1269 1866 sco·

116 1905 230 1970 lastica
253 1905 388 1972 historin
410 1907 572 1992 legimus?
606 1906 721 1973 Nonne
736 1910 767 1973 in
783 1908 896 1974 Genesi
913 1909 1071 1993 seriptum
1088 1913 1151 1972 est:
1179 1906 1269 1972 »Fle-

116 2011 164 2075 vit
178 2011 315 2096 Egiptus
330 2011 430 2077 Jacob
447 2011 533 2077 LXX
550 2013 704 2078 diebusls
743 2013 856 2079 Nonne
879 2013 938 2099 filij
962 2013 1063 2078 Israel
1086 2014 1118 2077 in
1144 2035 1270 2096 campe·

115 2116 236 2181 stribus
252 2116 347 2182 Moab
370 2119 565 2202 planxerunt
582 2118 714 2205 Moysen
733 2119 870 2204 triginta
886 2119 1006 2199 diebus,
1031 2121 1067 2183 ut
1083 2119 1115 2182 in
1133 2117 1269 2183 Deutro·

115 2221 215 2307 nomij
228 2223 266 2307 (t)
283 2223 447 2307 legimus?
483 2223 598 2292 Nonne
613 2225 772 2291 Johannis
787 2226 954 2292 undecimo
969 2227 1106 2310 legitur:
1133 2224 1269 2290 ›Jhesus

115 2349 203 2410 ergo,
229 2333 267 2392 ut
288 2330 369 2394 vidit
386 2351 454 2395 eam
478 2331 658 2416 plorantem
682 2334 713 2396 et
728 2330 856 2409 Judeos,
881 2331 935 2416 qui
958 2335 1113 2396 venerant
1134 2352 1206 2396 cum
1220 2352 1265 2406 ea,

114 2432 289 2517 plorantes,
314 2434 481 2501 infremuit
503 2437 620 2521 spiritu
643 2443 676 2502 et
699 2438 844 2502 turbavit
862 2437 1003 2522 seipsum
1029 2441 1060 2501 et
1076 2436 1178 2502 dixit:
1206 2433 1267 2498 Ubi

12 2574 13 2584 ι
113 2539 267 2622 posuistis
290 2530 538 2607 eumi'llicunt
561 2543 608 2608 ei:
642 2541 787 2623 Domine,
812 2544 884 2608 veni
899 2548 932 2608 st
948 2543 1028 2608 vide.
1064 2541 1106 2606 Et
1120 2540 1268 2606 lacrima·

112 2649 166 2708 tus
182 2649 232 2709 est
245 2644 265 2710 J
270 2646 393 2710 hesus«.
441 2647 487 2712 Ex
504 2647 554 2713 his
570 2647 732 2727 conclude,
756 2650 913 2734 quomodo
929 2648 1108 2734 qualiterve
1123 2648 1156 2711 in
1174 2646 1268 2710 emit·

112 2749 210 2814 tendo
243 2751 388 2816 lacrimas
419 2753 665 2837 reprehensione
697 2774 765 2818 sum
799 2755 925 2838 dignus.
979 2751 1144 2838 Numquid
1174 2751 1269 2815 homo

12 2881 13 2946 3
112 2858 213 2920 sum?
245 2853 322 2920 Fuit
344 2858 486 2924 ethodie
508 2859 610 2923 estin
635 2879 693 2938 me,
717 2859 800 2923 sicut
823 2858 968 2943 quolibet
998 2859 1031 2922 in
1055 2859 1187 2934 viatore,
1211 2877 1268 2937 ap·

12 3000 13 3064 ι
113 2959 236 3042 petitus
259 2962 441 3044 sensitivus,
466 2964 656 3030 sensualitas
679 2987 735 3031 reu
749 2965 907 3044 voluntas,
931 2967 968 3028 ut
983 2971 1108 3028 natura.
1148 2957 1268 3026 Secun-

12 3119 13 3128 ,
114 3065 189 3129 dum
214 3065 297 3131 hauc
319 3068 486 3136 stillabant
501 3071 642 3150 lacrime,
667 3074 699 3135 et
712 3070 776 3134 fuit
798 3070 885 3135 cordi
900 3077 970 3135 meo
982 3068 1152 3134 continuus
1168 3066 1268 3131 dolor.

115 3169 172 3234 ltst
194 3170 227 3234 in
243 3193 293 3238 me
309 3175 472 3257 appetitus
490 3176 657 3241 racionalis
683 3197 738 3242 seu
761 3176 919 3254 voluntas,
942 3177 980 3239 ut
1003 3172 1189 3250 arbitraria,
1213 3193 1268 3235 seu

114 3275 280 3355 voluntas,
314 3283 351 3343 ut
374 3281 466 3346 ratio.
512 3280 690 3347 Secundum
716 3303 811 3365 quam
835 3281 1028 3366 gaudebam,
1053 3278 1136 3364 quod
1160 3281 1270 3342 noster

114 3382 222 3445 viator
241 3381 450 3450 leonhardus
472 3386 559 3452 brevi
584 3408 678 3451 cursu
701 3387 839 3452 feliciter
871 3409 963 3452 suum
987 3384 1173 3450 terminavit
1196 3385 1267 3448 iter.

114 3485 249 3551 Utinam
273 3491 423 3554 tacuisses
439 3495 470 3556 et
489 3491 676 3576 prudentior
691 3492 899 3576 apparuissss.
946 3489 1135 3572 Subiungis:
1163 3509 1269 3552 »more

115 3592 318 3658 mulierum«.
366 3595 557 3682 Hermanne,
581 3602 617 3662 ut
636 3602 711 3662 utar
727 3596 902 3662 Alexandri
915 3595 1024 3678 magni
1041 3594 1241 3678 grammatici
1257 3593 1267 3628 ¹

112 3697 231 3776 verbis,
253 3719 393 3784 congrua
416 3723 479 3767 non
502 3708 551 3768 est
567 3703 625 3768 hec
646 3703 854 3786 eomparacio,
882 3721 955 3766 eum
978 3698 1165 3764 mulieribus
1187 3697 1265 3761 insi·

113 3804 183 3864 tum
207 3803 252 3867 sit
273 3827 292 3868 a
312 3809 443 3886 natura,
477 3812 513 3872 ut
537 3810 569 3871 in
602 3808 646 3872 eis
669 3828 732 3872 non
756 3808 799 3872 sit
822 3805 930 3890 aliqua
959 3805 1053 3868 firma
1076 3802 1268 3880 constancia,

114 3927 252 3990 quarum
274 3910 301 3973 si
324 3933 405 3974 unus
428 3911 539 3977 oculus
561 3913 761 3991 lacrimatur,
793 3911 877 3976 ridet
898 3910 981 3975 alius
1016 3931 1052 3973 ex
1076 3911 1268 3987 transverso,

113 4033 249 4096 querum
274 4016 474 4082 mutabilitas
498 4023 531 4083 et
552 4019 688 4083 varietas
712 4018 750 4082 ad
774 4016 955 4082 illudendos
974 4017 1060 4080 viros
1075 4035 1202 4097 semper
1216 4034 1268 4076 eas

115 4118 271 4184 inducunt
294 4127 336 4201 et,
360 4122 433 4188 dum
458 4125 587 4189 maioris
603 4123 720 4189 amoris
742 4123 835 4208 signa
857 4121 934 4187 viris
949 4121 1132 4197 ostendunt,
1156 4119 1266 4182 statim

112 4223 286 4290 sollicitate
310 4247 367 4310 per
387 4229 506 4310 alium,
537 4228 654 4294 amoris
687 4228 737 4293 sui
760 4227 1047 4293 demonstranciam
1071 4224 1268 4290 instabiliter

112 4333 245 4413 repente
268 4333 393 4398 variant
410 4340 442 4400 et
458 4338 656 4400 commutant
678 4337 719 4411 et,
740 4334 768 4397 si
783 4332 868 4398 forte
884 4332 991 4397 nullus
1012 4332 1057 4395 eis
1073 4328 1269 4396 sollicitator

682 4468 700 4507 s

183 4553 196 4606 1
218 4549 315 4607 Jacob.
335 4556 359 4618 5,
379 4539 422 4608 161
491 4555 508 4608 2
528 4551 686 4608 Alexander
704 4552 739 4607 de
757 4550 829 4636 villa
847 4549 900 4605 dei.
