3106 5252
816 413 837 479 2

250 587 370 651 domini
394 587 586 669 capitulares
609 584 814 648 intenderent
837 586 1016 667 procedere,
1040 593 1076 650 ut
1100 608 1170 650 cunr
1194 588 1265 650 aliis
1290 589 1398 652 vestris

248 693 340 755 bonis
363 691 474 756 amicis
498 712 533 754 ac
556 689 737 754 fautoribus
761 689 1050 772 concapitularibua
1067 692 1204 774 benigne
1221 696 1324 756 astare
1346 715 1398 756 ve-

248 796 324 875 litis,
349 801 505 880 quantum
528 796 724 878 possibilitas
747 798 854 858 vestra
876 796 1029 878 suppetit,
1054 818 1111 879 pro
1135 797 1272 860 eiusdem
1297 801 1398 860 status

247 901 426 983 adepcione,
449 901 632 984 supplicans
647 901 772 980 obnixe,
789 907 825 964 ut
841 906 982 983 tempore
1005 902 1204 981 intermedio,
1227 909 1397 984 antequam

248 1007 285 1069 ad
309 1006 498 1071 eleccionem
522 1007 709 1089 procedetis,
732 1027 792 1089 pro
808 1029 857 1069 me
880 1027 935 1070 vos
950 1027 1104 1088 occupare
1121 1007 1226 1070 velitis
1249 1007 1399 1090 precipue

247 1132 407 1193 argaeos,
431 1134 566 1195 quorum
589 1113 723 1175 interest
744 1111 847 1175 facere
878 1113 1074 1176 eleccionem.
1114 1112 1194 1189 Scio,
1218 1113 1296 1176 alios
1319 1113 1396 1176 duos

247 1219 389 1280 doctores
421 1223 560 1280 extreme
590 1219 735 1282 laborare
768 1240 825 1301 pro
857 1219 1028 1302 adepcione
1052 1219 1189 1283 eiusdem
1212 1224 1332 1298 status,
1364 1222 1400 1281 ut

247 1321 326 1384 mihi
351 1321 488 1384 relatum
512 1325 558 1384 est
574 1322 710 1385 veridice
727 1321 744 1386 ¹.
794 1321 1030 1386 Nichilominus
1045 1323 1255 1406 vigilantibus
1280 1329 1312 1387 et
1335 1345 1397 1387 non

248 1426 479 1490 dormientibus
502 1426 572 1488 iura
595 1427 798 1492 subveniunt.
845 1425 943 1509 Spero
962 1428 1155 1491 confidencia
1171 1429 1253 1492 bone
1276 1434 1307 1492 et
1331 1429 1396 1491 sin-

247 1531 363 1615 gulari,
387 1531 413 1593 si
438 1531 618 1595 reverencia
641 1535 747 1594 vestra
768 1552 800 1593 se
823 1552 881 1613 pro
906 1554 955 1595 me
971 1532 1120 1596 extendat
1136 1533 1168 1596 in
1187 1532 1396 1616 promovendo

247 1659 324 1721 erga
347 1636 491 1701 dominos
522 1636 560 1699 de
583 1635 734 1719 capitale,
765 1636 848 1719 quod
880 1637 1027 1700 effectum
1055 1643 1257 1720 preoptatum
1282 1637 1400 1700 sorcior

247 1740 391 1804 indilate.
437 1741 478 1804 Et
511 1741 538 1804 si
566 1742 654 1805 vobis
677 1741 802 1805 videtur
825 1743 1004 1806 consultum
1038 1763 1113 1806 sano
1142 1749 1245 1807 vestro
1269 1741 1399 1806 consilio

247 1847 416 1926 mediante,
441 1852 476 1910 ut
500 1867 550 1910 me
572 1847 784 1929 personaliter
817 1848 855 1910 ad
881 1846 1064 1930 Eystadiam
1088 1848 1270 1930 conspectui
1295 1851 1399 1910 vestro

247 1974 283 2016 ac
305 1952 441 2016 aliorum
466 1952 665 2016 dominorum
690 1953 728 2015 de
751 1952 893 2035 capitulo
915 1958 1109 2034 presentem,
1140 1973 1218 2034 rogo
1242 1952 1397 2033 precibus,

247 2057 362 2139 quibus
385 2055 485 2134 valeo,
509 2057 636 2139 scriptis
653 2058 766 2120 vestris
782 2058 860 2121 mihi
876 2059 1083 2136 innotescere,
1106 2060 1162 2121 aut
1184 2059 1210 2120 si
1233 2058 1401 2121 necessitas

246 2167 339 2226 tanta
361 2162 575 2238 incumberet,
608 2161 758 2226 nuncium
789 2164 955 2245 proprium
980 2163 1127 2246 'propriis
1152 2163 1229 2226 meis
1255 2163 1399 2245 expensis

246 2267 444 2350 translegars
467 2268 594 2331 curetis.
641 2266 796 2331 Dominus
820 2266 861 2332 N.
885 2266 1139 2345 Waldefelser2,
1164 2267 1341 2350 prepositus
1363 2267 1397 2328 in

248 2370 392 2450 Bernaw,
411 2373 572 2436 vobiscum
589 2372 845 2455 concapitularis,
863 2372 1114 2436 incolumitatem
1132 2395 1168 2436 ac
1185 2375 1297 2437 bonam
1314 2371 1399 2436 vale·

245 2476 389 2540 tudinem
422 2477 565 2560 corporis
600 2479 698 2543 vestri
734 2477 913 2542 luculenter
936 2480 1101 2562 exposuit,
1131 2478 1339 2542 salutaciones
1362 2477 1399 2538 de

247 2582 414 2647 honestate
439 2588 544 2646 vestra
567 2584 762 2666 adiungens,
786 2604 846 2664 que
862 2605 1011 2667 magnam
1035 2585 1174 2647 leticiam
1198 2589 1230 2646 et
1254 2580 1399 2645 iocundi-

246 2692 347 2752 tatem
371 2690 452 2753 mihi
475 2689 657 2754 attulerunt
669 2739 751 2754 .....

719 2849 925 2858 -0-—-.-...-.—

808 2953 841 3021 2.

247 3071 441 3142 Hermann
470 3071 623 3144 Schedel
661 3095 710 3143 an
747 3073 870 3165 [einen
891 3072 1138 3166 ¹Nitrnberger
1165 3070 1396 3165 geistlichen.

644 3193 858 3266 prensans
892 3195 1015 3287 1452}

615 3313 678 3369 um.
695 3313 748 3368 224
766 3315 785 3368 f.
804 3315 864 3368 240.
902 3316 1033 3385 eoneepr.

153 3477 156 3486 ·
249 3438 456 3502 Eintritt
494 3439 570 3502 des
603 3437 808 3506 Andreas
847 3441 1044 3506 Rummel
1077 3441 1116 3504 in
1153 3442 1224 3505 die
1257 3441 1396 3506 Ntirn-

593 3547 755 3630 berger
786 3547 1044 3610 karthause.

336 3685 519 3748 Admiracio
542 3706 605 3748 non
623 3686 788 3750 mediocris
811 3707 861 3748 me
882 3686 975 3766 cepit,
1000 3683 1169 3745 reverende
1193 3703 1228 3744 ac
1252 3683 1400 3766 religiose

247 3794 355 3872 pater,
389 3790 427 3852 de
459 3790 617 3870 quondam
642 3789 801 3853 consodali
831 3789 864 3851 in
889 3789 948 3850 hoc
971 3787 1145 3850 fluctuante
1169 3809 1255 3851 nrare
1287 3811 1323 3852 ac
1346 3790 1398 3852 de-

247 3899 341 3976 gente
366 3894 492 3958 domino
511 3893 638 3957 Andros
655 3893 778 3970 ltumel,
803 3893 858 3975 qui
875 3891 951 3956 licet
974 3915 991 3954 a
1017 3889 1191 3973 puerilibus
1216 3893 1306 3956 annis
1330 3899 1398 3956 stu-

246 4000 297 4063 dio
321 3997 552 4063 ferventissime
575 3997 742 4060 inherebat
766 4002 798 4060 et
822 3997 886 4080 qui,
913 4018 984 4059 cum
1009 3997 1096 4058 varia
1118 4016 1235 4079 genera
1259 3998 1398 4061 discendi

247 4104 377 4184 videret,
401 4105 434 4167 in
459 4103 573 4186 quibus
598 4101 699 4164 multa
723 4123 794 4165 cum
820 4101 910 4164 laude
928 4106 1032 4182 posset
1049 4101 1178 4179 versari,
1206 4109 1310 4166 tamen
1327 4125 1400 4184 pre-

246 4209 455 4274 clarissimsm
478 4230 514 4273 ac
535 4207 739 4271 utilissimam
764 4209 828 4270 vite
852 4205 1036 4269 mortalium
1061 4227 1131 4269 cunr
1158 4207 1237 4269 vidit
1264 4206 1298 4288 (1)
1324 4207 1402 4267 iuris

817 4315 833 4352 ’t‘

317 4396 457 4452 lVorher
480 4397 519 4451 ist
536 4396 759 4452 durchstrichen:
791 4413 823 4450 ex
851 4396 943 4450 verbis
978 4395 1083 4451 domini
1110 4391 1226 4461 sigfridi
1246 4392 1404 4446 Leonroder

248 4502 298 4555 pro
317 4501 391 4538 niune
409 4480 609 4553 Ntrsmberge.
681 4484 697 4536 2
717 4483 869 4538 Nicotaus?
900 4481 995 4550 Vergl.
1015 4485 1100 4534 unten
1120 4499 1140 4534 s.
1160 4481 1176 4533 6
1198 4497 1223 4532 a,
1247 4481 1268 4532 1.
