3092 5244
667 489 728 554 113

120 820 308 896 Hermann
335 822 488 898 Schedel
520 851 569 900 an
590 709 804 902 Herdriiann
840 831 1004 906 Schedel.
1056 830 1273 938 [Augsbqu

546 951 646 1024 1114
671 975 756 1026 nov.
791 953 857 1050 1.].

336 1101 400 1156 clm.
419 1102 509 1158 2241.
528 1103 580 1159 280
598 1103 710 1178 sinlage
726 1105 756 1160 in
774 1123 860 1164 verso.
896 1106 1020 1179 concept
1031 1105 1050 1164 ¹.

120 1220 276 1289 Meldet
298 1226 371 1291 den
395 1227 503 1294 kaus
534 1230 873 1297 mediciniscber
895 1233 1047 1299 bdchsr
1067 1229 1271 1296 ftrHart·

623 1357 764 1402 meum

201 1469 346 1536 Salutem
369 1472 541 1557 plurimam
560 1475 647 1544 dicit.
693 1474 917 1561 Superioribus
935 1477 1054 1558 diebus,
1078 1481 1193 1560 patrue
1216 1496 1268 1540 ca·

119 1575 247 1655 rissimo,
271 1578 348 1642 dum
373 1578 464 1644 binas
488 1585 556 1644 ate
572 1581 757 1664 recepissem
782 1583 903 1663 literas,
929 1583 1012 1647 sensi
1030 1586 1062 1646 te
1083 1581 1269 1665 aliqualiter

118 1677 192 1742 mihi
215 1679 315 1747 fuisse
333 1681 547 1768 indignatum,
571 1707 609 1750 eo
625 1686 709 1770 quod
725 1686 824 1752 libros
840 1687 961 1753 iamdiu
979 1691 1107 1772 optatos
1129 1686 1266 1752 nondum

118 1785 254 1850 miserim
280 1791 313 1852 et
337 1791 408 1852 tuas
431 1790 582 1870 abiectas,
604 1797 641 1855 ut
663 1791 786 1871 scribis,
809 1798 888 1876 aput
910 1814 960 1858 mc
982 1814 1049 1858 esse
1072 1793 1204 1872 literas,
1226 1813 1264 1856 cx

118 1909 176 1972 quo
209 1911 269 1974 ego
304 1913 428 1958 omnem
460 1895 493 1958 in
525 1896 602 1980 ipsis
634 1897 855 1980 comparandis
886 1921 944 1983 per
980 1898 1073 1964 hosce
1096 1899 1162 1962 dics
1185 1895 1267 1962 lece-

118 1994 173 2057 rim
196 1996 408 2082 diligentiam.
464 1999 520 2066 Set
550 2022 607 2066 cur
629 2006 693 2066 tam
718 2002 816 2085 longo
838 2007 982 2088 tempore
1014 2024 1063 2068 res
1086 2002 1186 2068 dilata
1209 2005 1267 2081 est,

118 2098 176 2182 hijs
206 2103 316 2184 paucis
351 2105 466 2188 accipe.
512 2104 687 2170 Patronum
721 2107 878 2172 librorum
910 2108 956 2172 ita
987 2111 1129 2172 tenacem
1154 2107 1268 2190 reperi,
1347 2176 1348 2185 ,

118 2206 195 2289 quod
228 2207 394 2272 remissius
426 2210 623 2296 aliquamdiu
659 2213 734 2277 dare
767 2212 873 2278 noluit
902 2234 998 2299 quam
1026 2233 1085 2296 pro
1111 2212 1175 2277 130
1197 2212 1266 2276 flor.

119 2329 268 2393 reynens,
292 2333 351 2396 pro
373 2336 436 2398 qua
453 2337 575 2381 summa
597 2318 740 2400 accipere
763 2317 893 2383 omnino
916 2317 1067 2397 recusavi,
1090 2337 1162 2383 cum
1178 2316 1266 2401 ipso·

117 2435 179 2478 rum
205 2417 346 2482 valorem
370 2439 494 2484 summa
515 2420 573 2486 hec
605 2422 699 2486 nimis
730 2422 976 2487 transcenderet.
1033 2418 1175 2488 Tandem
1197 2421 1266 2504 ple·

118 2519 211 2586 banus
233 2524 336 2588 sancti
366 2521 508 2590 Udalrici
533 2525 725 2608 Auguste¹,
759 2525 867 2591 fautor
899 2527 980 2592 mihi
1003 2527 1161 2605 sincerus,
1184 2530 1264 2609 aput

117 2647 202 2708 quem
228 2628 305 2692 libri
328 2630 530 2710 resistebant,
553 2652 624 2696 meo
647 2631 733 2696 iussu
760 2631 798 2695 de
821 2632 908 2696 finali
944 2652 1093 2714 responso
1120 2632 1265 2696 habendo

114 2732 237 2815 scripsit
269 2737 405 2815 patrono
437 2733 614 2814 librorum,
653 2736 786 2800 suadens
819 2735 901 2814 sibi,
938 2737 986 2800 uti
1021 2735 1199 2820 plenariam
1231 2735 1265 2798 iu

116 2835 156 2898 eis
186 2837 358 2902 vendendis
387 2839 528 2904 traderet
556 2844 766 2924 potestatem,
804 2841 888 2924 quod
917 2840 1118 2926 aliquamdiu
1161 2839 1264 2904 facere

118 2942 226 3006 renuit.
273 2941 462 3024 Novissime,
488 2947 571 3031 qnod
594 2946 778 3031 sperabam,
808 2945 988 3029 impetravi,
1011 2946 1071 3010 sub
1095 2966 1132 3010 ea
1155 2949 1261 3009 tamen

115 3041 223 3126 forma,
248 3053 284 3112 ut
307 3047 427 3134 aliquid
453 3050 492 3115 ad
516 3054 644 3116 centum
666 3072 777 3116 aureos
800 3052 948 3131 adiceret,
971 3071 1034 3134 qno
1057 3047 1264 3136 cognito(!)⁸

115 3154 217 3231 paucis
241 3155 527 3220 intervenientibus
550 3155 653 3222 forum
686 3156 801 3222 ultima
824 3158 874 3221 die
896 3155 1037 3222 octobris
1060 3154 1263 3238 perfecimus,

115 3260 144 3319 et
165 3265 291 3322 centurn
316 3280 374 3342 pro
397 3259 474 3343 ipsis
497 3282 569 3325 mox
592 3262 672 3327 solvi
695 3283 817 3328 aurcos.
868 3260 975 3326 Unum
1010 3265 1115 3326 tamen
1139 3261 1264 3340 adiecit,

114 3367 278 3446 postquam
309 3367 464 3447 patronus
497 3387 559 3430 una
582 3367 704 3432 dierum
726 3367 904 3452 Augustam
929 3367 1072 3446 veniret,
1096 3367 1129 3430 in
1155 3366 1262 3448 suple-

114 3473 250 3533 mentum
278 3469 294 3532 1
318 3469 387 3534 1111.
411 3491 470 3554 pro
494 3470 634 3554 piscibus
658 3493 858 3556 exponerem,
886 3471 946 3555 (st)
965 3491 1057 3556 quem
1078 3471 1156 3535 mihi
1172 3470 1261 3534 favo·

73 3639 75 3644 ,
114 3571 243 3637 rabilem
267 3575 401 3660 cognovi
417 3575 439 3640 ⁴.
486 3574 612 3642 Placuit
635 3578 740 3644 forum
763 3599 821 3642 nec
838 3577 944 3642 minus
960 3575 1036 3640 libri
1058 3574 1131 3657 ipsi.
1178 3572 1261 3638 (lon-

114 3678 206 3743 111111
230 3679 328 3744 nolui.
706 3757 715 3772 ·

677 3779 692 3815 *

179 3853 192 3905 l
212 3851 309 3908 Erstcr
328 3855 451 3910 cntvvurl
466 3855 534 3912 ibid.
554 3858 573 3913 f.
599 3861 632 3914 30
652 3857 763 3928 eiulagc
785 3857 815 3912 in
842 3874 929 3914 verso.
976 3856 1080 3910 Datum
1100 3855 1171 3909 nach
1196 3854 1260 3910 dem

112 3935 209 3994 inbelt.
281 3941 298 3996 2
317 3942 353 3996 Es
372 3941 441 3996 vird
460 3943 510 3999 der
528 3943 801 4001 serore-chroniken
819 3946 862 4009 V,
883 3944 934 4000 320
955 3945 1099 4015 genanute
1116 3942 1259 4000 Johanncs

116 4023 187 4081 Ruch
208 4045 232 4082 v.
252 4027 429 4100 Nordlingen
448 4033 515 4090 sein.
551 4031 632 4088 Scine
651 4033 841 4089 ausfdbrliche
854 4031 1024 4103 biographie
1034 4031 1112 4102 gicht
1128 4030 1260 4085 Wittver

114 4110 605 4188 [81111111111111111111,29711.],
634 4138 676 4176 vo
705 4121 772 4175 aber
794 4105 932 4191 littingen
960 4119 1002 4174 als
1021 4117 1078 4174 sein
1098 4118 1261 4188 geburtsort

113 4205 235 4266 genennt
253 4203 300 4257 ist.
341 4203 391 4258 Ale
409 4204 519 4274 pfarrer
541 4206 580 4260 ist
598 4223 627 4261 11
645 4207 730 4263 echon
751 4209 818 4263 1458
837 4206 1028 4262 nachweiebar
1046 4223 1066 4261 s.
1087 4207 1159 4260 Mon.
1179 4204 1259 4260 boica

113 4285 208 4354 XXIII,
228 4289 289 4348 522.
360 4289 589 4348 3Vcrschrieben
608 4293 841 4365 ldrcomposito?
917 4292 1154 4364 tUrsprdnglieh
1173 4293 1257 4346 stand

114 4378 234 4432 »etcum
254 4377 322 4432 mihi
342 4377 469 4435 favorem
482 4379 578 4434 adesse
591 4397 792 4450 cognoscerem,
813 4381 951 4438 contraire
961 4379 1067 4435 nolui«
1098 4379 1161 4434 Dies
1179 4381 1258 4435 donn

113 4461 327 4523 durchstrichsn.

579 4584 788 4596 -e--u—-n-—u-—an—

161 4656 266 4704 Sctsdol.
1032 4659 1049 4716 8
