3092 5244
680 415 721 480 99

131 593 331 659 fabulationis
354 595 404 657 vie
427 592 561 678 quedam
585 597 660 655 sunt
693 592 731 655 ad
755 591 907 656 facinora.
965 591 1133 656 Enimvero
1156 590 1275 655 lacien-

133 698 202 761 dum
225 698 294 778 erit,
318 703 353 762 ut
377 717 454 781 apes
476 696 612 761 maxime
639 697 676 760 in
692 696 753 761 hao
774 717 808 760 re
822 695 993 760 imitemur.
1039 695 1100 760 Ille
1122 695 1206 760 enim
1222 713 1280 760 nee

131 823 234 866 omnes
254 801 346 866 flores
370 801 491 885 pariter
513 802 633 865 adeunt
656 821 713 864 nec
735 801 761 864 si
785 820 864 883 quos
888 800 1016 877 adeunt,
1045 821 1097 866 eos
1113 805 1199 865 totos
1222 800 1278 863 ab·

131 911 272 984 sumunt,
307 906 361 971 sed
384 927 420 970 eo
443 905 510 970 solo
532 906 659 985 ablato,
691 905 775 990 quod
798 906 887 989 operi
909 926 966 970 suo
989 909 1098 988 aptum
1121 889 1181 983 sit,
1204 902 1279 968 reli-

134 1034 226 1096 quum
252 1032 345 1076 omne
367 1010 473 1076 valere
488 1012 608 1077 sinunt.
656 1011 697 1074 Et
720 1032 777 1075 nos
801 1032 936 1096 quoque,
959 1011 985 1073 si
1008 1011 1148 1093 sapimus
1170 1010 1201 1072 et
1224 1015 1280 1071 no·'

132 1121 264 1182 strorum
289 1116 445 1181 maiorum
470 1116 607 1202 vestigia
623 1116 713 1200 sequi
735 1116 889 1196 volumus,
914 1136 986 1180 cum
1002 1116 1033 1180 id
1056 1114 1282 1198 exceperimus,

133 1223 211 1306 quod
235 1223 366 1286 veritati
379 1222 516 1286 amicum
531 1224 841 1306 consentaneumque
857 1221 910 1296 sit,
935 1225 1040 1286 cetera
1054 1223 1161 1284 omnia
1176 1223 1281 1283 trans·

133 1327 308 1410 gradiemur
326 1330 358 1392 et
372 1327 460 1390 velut
476 1327 508 1390 in
527 1327 606 1391 rosis
618 1326 760 1411 legendis
775 1331 880 1390 sentes
896 1327 1033 1392 vitamus
1045 1325 1090 1409 (l).
1114 1324 1165 1390 lta
1181 1331 1281 1408 quan·

134 1435 199 1497 turn
221 1432 346 1497 utiliter
361 1433 518 1516 scriptum
535 1435 592 1509 est,
617 1432 823 1516 accipientes,
845 1431 978 1517 reliqua,
995 1453 1056 1516 que
1076 1451 1188 1496 nocere
1211 1452 1282 1514 pos-

133 1543 212 1616 sunt,
235 1537 496 1602 declinabimus
543 1535 611 1601 Hac
626 1535 691 1601 ille.
730 1536 843 1601 Danda
858 1541 908 1601 est
923 1538 1024 1622 igitur
1040 1557 1147 1620 opera,
1170 1538 1283 1619 patrue

131 1642 323 1722 suavissime,
351 1645 387 1707 ut
404 1647 514 1726 poetas
530 1643 612 1707 bona
627 1647 659 1706 et
674 1643 759 1707 mala
777 1645 961 1722 tractantes,
988 1643 1063 1707 dum
1084 1643 1187 1706 ocium
1209 1662 1283 1725 sup-

135 1747 263 1828 peditat,
289 1747 532 1831 diligentissime
554 1746 661 1830 legere
684 1769 784 1828 eures,
812 1748 955 1833 falsaque
979 1770 1088 1813 eorum
1112 1746 1285 1812 refellenda

136 1858 180 1916 est
202 1853 332 1936 opinio,
364 1854 419 1936 qui
443 1873 496 1916 eos
525 1851 633 1936 legere
664 1853 846 1935 prohibent.
893 1851 975 1917 Nam
1008 1858 1044 1917 ut
1060 1851 1285 1930 Quintilianus,

134 1962 238 2024 orator
253 1956 400 2040 profecto
415 1978 567 2036 summus,
582 1957 705 2041 inquit:
730 1957 936 2042 ›Iniquorum
954 1958 1110 2022 noscenda
1126 1962 1175 2020 est
1191 1956 1285 2034 racio,

133 2068 167 2126 ut
187 2061 301 2126 melius
328 2084 413 2150 equa
439 2053 614 2126 tueamur«
664 2061 862 2146 Augustinus
887 2067 1042 2146 preterea,
1065 2079 1224 2126 sacrarum
1247 2062 1287 2125 li·

134 2172 271 2232 terarum
300 2168 427 2247 lumen,
461 2189 520 2251 pro
543 2189 598 2231 sua
622 2167 777 2232 facultate
799 2168 833 2231 in
855 2167 940 2231 libro
963 2168 1000 2232 de
1022 2168 1090 2232 vita
1113 2167 1288 2231 christiana

135 2292 187 2336 nos
210 2273 356 2338 hortasse
381 2273 466 2337 visus
482 2276 539 2336 est.
577 2270 789 2343 »Auferamus
817 2274 909 2351 bona,
934 2273 1049 2358 inquit,
1073 2274 1114 2338 ab
1129 2272 1195 2337 illis
1211 2295 1288 2358 geu·

134 2377 240 2442 tilibus
264 2381 430 2463 tamquam
464 2377 504 2442 ab
528 2377 668 2462 indignis
691 2379 954 2461 possessoribus«
1011 2379 1095 2457 Quid
1125 2379 1227 2444 dicam
1250 2378 1289 2442 de

138 2481 304 2548 Lactancio
329 2482 500 2561 Firmiano,
524 2481 612 2548 cuius
635 2503 673 2546 ex
696 2505 751 2547 ore
774 2485 868 2548 melle
884 2485 1008 2551 dulcior
1024 2485 1202 2570 profluebat
1217 2506 1288 2548 cra-

135 2592 191 2670 cic,
215 2593 293 2676 quid
318 2592 355 2656 de
371 2589 569 2668 Hieronimo,
594 2589 648 2673 qui
673 2610 865 2673 magnopere
895 2612 952 2655 nos
974 2591 1112 2654 incitant
1135 2589 1290 2672 nobisque

134 2697 333 2776 persuadent,
358 2700 393 2760 ut
416 2694 551 2778 gentilia
575 2694 717 2778 legamus
740 2695 939 2780 gentilesque
965 2701 1074 2779 poetas
1091 2695 1291 2778 recipiamus,

134 2819 202 2864 cum
225 2800 451 2883 antiquissima
472 2799 713 2882 disciplinarum
740 2799 782 2862 sit
805 2802 941 2883 postica,
966 2822 1037 2865 cunr
1060 2801 1171 2882 magni
1194 2821 1232 2864 ex
1255 2805 1292 2864 ea

135 2910 164 2966 et
187 2904 357 2971 necessarii
379 2903 504 2969 fructus
541 2903 707 2982 resultent,
730 2926 801 2969 curn
824 2904 1008 2988 philosophi
1031 2905 1195 2990 sanctique
1219 2906 1291 2970 doc·

136 3013 218 3074 tores
241 3010 329 3093 pleni
363 3009 428 3072 sint
468 3008 714 3073 auctoritatibus
746 3015 923 3092 poetarum,
955 3033 1027 3076 curn
1053 3033 1173 3076 cesares
1196 3017 1293 3098 atque

136 3137 225 3199 reges
262 3137 433 3201 omnesque
463 3115 594 3179 maximi
630 3114 692 3178 riri
730 3120 839 3197 poetas
870 3117 935 3180 suis
964 3119 1160 3201 temporibus
1192 3117 1291 3182 hono·

138 3221 224 3285 rifice
249 3221 457 3303 susceperint.
505 3218 605 3303 Lege,
630 3239 736 3302 queso,
769 3223 884 3302 patrue
913 3221 1082 3299 carissime,
1115 3223 1293 3306 epistolam,

136 3347 230 3410 quam
254 3326 366 3390 beatus
390 3325 500 3390 scribit
524 3323 728 3389 Hieronimus
757 3325 795 3388 ad
826 3324 977 3408 Magnum
1010 3333 1168 3392 oratorem
1194 3327 1294 3392 Rome

136 3451 259 3496 summa
282 3451 354 3494 cum
378 3429 534 3507 facundia,
559 3430 632 3494 dum
657 3429 781 3513 captive
811 3430 882 3494 duci
913 3431 946 3494 in
974 3432 1212 3496 matrimonium
1237 3455 1295 3516 per

136 3535 270 3600 hebreos
291 3535 513 3618 prohibentur,
543 3540 579 3598 ut
612 3535 644 3598 in
668 3536 909 3600 deuteronomio
931 3536 1065 3619 legitur,
1097 3537 1158 3600 nisi
1189 3537 1295 3621 capite

137 3662 207 3705 raso
233 3645 267 3705 et
289 3641 449 3724 unguibus
473 3643 665 3724 amputatis,
691 3641 773 3726 quod
799 3646 830 3704 et
855 3643 886 3706 in
914 3642 1073 3708 veteribus
1096 3645 1295 3726 poematibus

136 3745 314 3810 faciendum
339 3751 396 3822 est,
421 3751 457 3809 ut
481 3747 663 3831 amputatis,
688 3748 802 3829 quade
826 3748 887 3830 dijs
903 3749 999 3813 verba
1015 3749 1097 3812 fiunt
1121 3755 1152 3813 et
1174 3751 1295 3814 abrasis

138 3851 304 3916 amatoriis
329 3851 564 3930 blandimentis,
590 3851 644 3916 ubi
670 3853 841 3917 laudantur
858 3854 995 3918 virtutes
1018 3852 1296 3938 fulminanturque

139 3955 232 4035 vicia,
257 3955 325 4021 sine
348 3957 496 4040 scrupulo
520 3957 716 4040 recipiantur
732 3955 752 4023 ¹.
800 3958 934 4024 Accedit
957 3965 990 4023 et
1015 3959 1131 4023 iterum
1148 3958 1296 4038 Basilius,

138 4059 192 4142 qui
217 4081 354 4144 magnus
378 4061 419 4124 ob
442 4062 594 4126 virtutem
620 4065 787 4146 reputatus
804 4068 852 4127 est
867 4101 911 4112 —
927 4068 1018 4128 tanta
1033 4064 1203 4128 severitate
1230 4063 1297 4128 vite

218 4259 308 4329 lEp.
328 4261 361 4314 70
389 4259 432 4314 bei
458 4259 559 4332 Migne.
617 4197 794 4317 Gosseaibrot
822 4261 900 4316 citirt
936 4279 985 4315 aus
1020 4260 1181 4318 demselben
1209 4263 1298 4320 briele

140 4346 201 4401 eine
223 4346 325 4400 andere
344 4346 441 4411 stelle,
468 4347 593 4401 ntmlich
619 4347 664 4403 die
683 4349 751 4403 tiber
774 4349 829 4404 den
858 4349 966 4418 apostol
984 4349 1088 4403 Paulus
1106 4349 1132 4421 [ἓ
1151 4353 1203 4406 426
1222 4369 1263 4406 nr.
1283 4352 1299 4403 2

141 4431 186 4488 bei
204 4431 320 4504 Migne}
366 4435 405 4489 Zu
432 4434 495 4489 dem
514 4435 575 4490 bier
594 4436 758 4504 gegebenen
776 4437 856 4496 ,citat
878 4437 965 4505 vergl,
985 4437 1061 4491 linea
1081 4435 1168 4496 Silvis
1187 4457 1229 4514 ep.
1250 4442 1300 4516 194

140 4519 178 4574 bl.
202 4522 236 4576 72
255 4520 304 4576 der
324 4520 507 4592 Nflrnberger
525 4523 660 4593 ausgabe.
1052 4596 1091 4654 7*
