<?xml version="1.0" encoding="UTF-8"?>
<!DOCTYPE html PUBLIC "-//W3C//DTD XHTML 1.0 Transitional//EN"
    "http://www.w3.org/TR/xhtml1/DTD/xhtml1-transitional.dtd">
<html xmlns="http://www.w3.org/1999/xhtml" xml:lang="en" lang="en">
 <head>
  <title>
</title>
<meta http-equiv="Content-Type" content="text/html;charset=utf-8" />
  <meta name='ocr-system' content='tesseract 3.04.00' />
  <meta name='ocr-capabilities' content='ocr_page ocr_carea ocr_par ocr_line ocrx_word'/>
</head>
<body>
  <div class='ocr_page' id='page_1' title='image "./hermannschedels00joacgoog_0151.png"; bbox 0 0 3092 5244; ppageno 0'>
   <div class='ocr_carea' id='block_1_1' title="bbox 692 443 753 506">
    <p class='ocr_par' dir='ltr' id='par_1_1' title="bbox 692 443 753 506">
     <span class='ocr_line' id='line_1_1' title="bbox 692 443 753 506; baseline 0.016 -1"><span class='ocrx_word' id='word_1_1' title='bbox 692 443 753 506; x_wconf 83' lang='grc'><strong>135</strong></span> 
     </span>
    </p>
   </div>
   <div class='ocr_carea' id='block_1_2' title="bbox 134 613 1300 3966">
    <p class='ocr_par' dir='ltr' id='par_1_2' title="bbox 139 613 1300 2278">
     <span class='ocr_line' id='line_1_2' title="bbox 142 613 1298 702; baseline 0.001 -21"><span class='ocrx_word' id='word_1_2' title='bbox 142 618 302 702; x_wconf 88' lang='lat' dir='ltr'><strong>insompni</strong></span> <span class='ocrx_word' id='word_1_3' title='bbox 327 620 420 682; x_wconf 89' lang='lat' dir='ltr'><strong>nocte</strong></span> <span class='ocrx_word' id='word_1_4' title='bbox 443 616 591 681; x_wconf 78' lang='lat' dir='ltr'>texueris.</span> <span class='ocrx_word' id='word_1_5' title='bbox 637 613 739 680; x_wconf 78' lang='lat' dir='ltr'><strong>Credo</strong></span> <span class='ocrx_word' id='word_1_6' title='bbox 763 619 841 679; x_wconf 88' lang='lat' dir='ltr'><strong>tunc</strong></span> <span class='ocrx_word' id='word_1_7' title='bbox 875 615 907 678; x_wconf 91' lang='lat' dir='ltr'><strong>in</strong></span> <span class='ocrx_word' id='word_1_8' title='bbox 932 616 1097 682; x_wconf 90' lang='lat' dir='ltr'><strong>cordetuo</strong></span> <span class='ocrx_word' id='word_1_9' title='bbox 1113 620 1145 680; x_wconf 90' lang='lat' dir='ltr'><strong>te</strong></span> <span class='ocrx_word' id='word_1_10' title='bbox 1168 616 1298 683; x_wconf 85' lang='lat' dir='ltr'><strong>dixisse:</strong></span> 
     </span>
     <span class='ocr_line' id='line_1_3' title="bbox 147 721 1300 807; baseline 0.002 -23"><span class='ocrx_word' id='word_1_11' title='bbox 147 724 325 807; x_wconf 80' lang='lat' dir='ltr'><strong>»Incipiens</strong></span> <span class='ocrx_word' id='word_1_12' title='bbox 347 744 411 788; x_wconf 89' lang='lat' dir='ltr'><strong>non</strong></span> <span class='ocrx_word' id='word_1_13' title='bbox 434 725 483 786; x_wconf 91' lang='lat' dir='ltr'><strong>est</strong></span> <span class='ocrx_word' id='word_1_14' title='bbox 500 722 586 800; x_wconf 91' lang='lat' dir='ltr'><strong>deus,</strong></span> <span class='ocrx_word' id='word_1_15' title='bbox 609 742 667 786; x_wconf 89' lang='lat' dir='ltr'><strong>nee</strong></span> <span class='ocrx_word' id='word_1_16' title='bbox 684 725 733 786; x_wconf 90' lang='lat' dir='ltr'><strong>est</strong></span> <span class='ocrx_word' id='word_1_17' title='bbox 751 721 851 786; x_wconf 89' lang='lat' dir='ltr'><strong>alcius</strong></span> <span class='ocrx_word' id='word_1_18' title='bbox 866 721 1103 805; x_wconf 89' lang='lat' dir='ltr'><strong>aspirandum.‹</strong></span> <span class='ocrx_word' id='word_1_19' title='bbox 1151 721 1211 787; x_wconf 83' lang='lat' dir='ltr'><strong>Sed</strong></span> <span class='ocrx_word' id='word_1_20' title='bbox 1228 744 1300 788; x_wconf 86' lang='lat' dir='ltr'><strong>cum</strong></span> 
     </span>
     <span class='ocr_line' id='line_1_4' title="bbox 143 825 1300 912; baseline 0.001 -19"><span class='ocrx_word' id='word_1_21' title='bbox 143 828 212 893; x_wconf 90' lang='lat' dir='ltr'><strong>alta</strong></span> <span class='ocrx_word' id='word_1_22' title='bbox 234 835 340 893; x_wconf 87' lang='lat' dir='ltr'><strong>mente</strong></span> <span class='ocrx_word' id='word_1_23' title='bbox 355 833 388 892; x_wconf 89' lang='lat' dir='ltr'><strong>te</strong></span> <span class='ocrx_word' id='word_1_24' title='bbox 403 829 505 911; x_wconf 87' lang='lat' dir='ltr'><strong>ipsam</strong></span> <span class='ocrx_word' id='word_1_25' title='bbox 530 826 737 911; x_wconf 88' lang='lat' dir='ltr'><strong>dyalectieam</strong></span> <span class='ocrx_word' id='word_1_26' title='bbox 769 826 914 892; x_wconf 76' lang='lat' dir='ltr'><strong>didicisse</strong></span> <span class='ocrx_word' id='word_1_27' title='bbox 934 825 1094 892; x_wconf 88' lang='lat' dir='ltr'><strong>laudabile</strong></span> <span class='ocrx_word' id='word_1_28' title='bbox 1113 828 1300 912; x_wconf 84' lang='lat' dir='ltr'><strong>suspiceres,</strong></span> 
     </span>
     <span class='ocr_line' id='line_1_5' title="bbox 142 927 1298 1015; baseline -0.001 -17"><span class='ocrx_word' id='word_1_29' title='bbox 142 935 175 999; x_wconf 92' lang='lat' dir='ltr'><strong>in</strong></span> <span class='ocrx_word' id='word_1_30' title='bbox 200 927 238 999; x_wconf 87' lang='lat' dir='ltr'><strong>ea</strong></span> <span class='ocrx_word' id='word_1_31' title='bbox 261 938 366 998; x_wconf 74' lang='lat' dir='ltr'><strong>tamn]</strong></span> <span class='ocrx_word' id='word_1_32' title='bbox 390 953 551 998; x_wconf 75' lang='lat' dir='ltr'><strong>senescere</strong></span> <span class='ocrx_word' id='word_1_33' title='bbox 573 932 697 1015; x_wconf 83' lang='lat' dir='ltr'><strong>puerile</strong></span> <span class='ocrx_word' id='word_1_34' title='bbox 719 931 789 996; x_wconf 84' lang='lat' dir='ltr'><strong>fore</strong></span> <span class='ocrx_word' id='word_1_35' title='bbox 804 931 966 998; x_wconf 85' lang='lat' dir='ltr'><strong>iudicatas</strong></span> <span class='ocrx_word' id='word_1_36' title='bbox 989 936 1021 997; x_wconf 89' lang='lat' dir='ltr'><strong>et</strong></span> <span class='ocrx_word' id='word_1_37' title='bbox 1036 933 1120 998; x_wconf 87' lang='lat' dir='ltr'><strong>viam</strong></span> <span class='ocrx_word' id='word_1_38' title='bbox 1135 953 1210 1013; x_wconf 89' lang='lat' dir='ltr'><strong>esse,</strong></span> <span class='ocrx_word' id='word_1_39' title='bbox 1234 955 1298 999; x_wconf 91' lang='lat' dir='ltr'><strong>non</strong></span> 
     </span>
     <span class='ocr_line' id='line_1_6' title="bbox 143 1037 1298 1123; baseline -0.001 -20"><span class='ocrx_word' id='word_1_40' title='bbox 143 1040 328 1118; x_wconf 87' lang='lat' dir='ltr'><strong>terminum,</strong></span> <span class='ocrx_word' id='word_1_41' title='bbox 351 1038 413 1102; x_wconf 91' lang='lat' dir='ltr'><strong>nisi</strong></span> <span class='ocrx_word' id='word_1_42' title='bbox 436 1038 617 1102; x_wconf 89' lang='lat' dir='ltr'><strong>errantibus</strong></span> <span class='ocrx_word' id='word_1_43' title='bbox 635 1042 668 1103; x_wconf 91' lang='lat' dir='ltr'><strong>et</strong></span> <span class='ocrx_word' id='word_1_44' title='bbox 690 1037 790 1123; x_wconf 89' lang='lat' dir='ltr'><strong>vagis,</strong></span> <span class='ocrx_word' id='word_1_45' title='bbox 816 1037 931 1122; x_wconf 86' lang='lat' dir='ltr'><strong>quibus</strong></span> <span class='ocrx_word' id='word_1_46' title='bbox 948 1037 1055 1102; x_wconf 92' lang='lat' dir='ltr'><strong>nullus</strong></span> <span class='ocrx_word' id='word_1_47' title='bbox 1072 1042 1121 1103; x_wconf 91' lang='lat' dir='ltr'><strong>est</strong></span> <span class='ocrx_word' id='word_1_48' title='bbox 1134 1037 1202 1103; x_wconf 89' lang='lat' dir='ltr'><strong>vite</strong></span> <span class='ocrx_word' id='word_1_49' title='bbox 1223 1059 1298 1121; x_wconf 93' lang='lat' dir='ltr'><strong>por-</strong></span> 
     </span>
     <span class='ocr_line' id='line_1_7' title="bbox 143 1142 1297 1228; baseline -0.002 -19"><span class='ocrx_word' id='word_1_50' title='bbox 143 1152 205 1223; x_wconf 74' lang='lat' dir='ltr'><strong>tus,</strong></span> <span class='ocrx_word' id='word_1_51' title='bbox 229 1143 290 1209; x_wconf 90' lang='lat' dir='ltr'><strong>tibi</strong></span> <span class='ocrx_word' id='word_1_52' title='bbox 314 1142 502 1209; x_wconf 86' lang='lat' dir='ltr'><strong>nobiliorem</strong></span> <span class='ocrx_word' id='word_1_53' title='bbox 525 1143 699 1207; x_wconf 87' lang='lat' dir='ltr'><strong>terminum</strong></span> <span class='ocrx_word' id='word_1_54' title='bbox 732 1148 896 1228; x_wconf 88' lang='lat' dir='ltr'><strong>tamquam</strong></span> <span class='ocrx_word' id='word_1_55' title='bbox 927 1164 990 1208; x_wconf 91' lang='lat' dir='ltr'><strong>non</strong></span> <span class='ocrx_word' id='word_1_56' title='bbox 1014 1143 1146 1208; x_wconf 88' lang='lat' dir='ltr'><strong>habenti</strong></span> <span class='ocrx_word' id='word_1_57' title='bbox 1169 1142 1297 1228; x_wconf 79' lang='lat' dir='ltr'><strong>elegisti</strong></span> 
     </span>
     <span class='ocr_line' id='line_1_8' title="bbox 141 1247 1297 1334; baseline -0.001 -20"><span class='ocrx_word' id='word_1_58' title='bbox 141 1255 175 1314; x_wconf 88' lang='lat' dir='ltr'><strong>et</strong></span> <span class='ocrx_word' id='word_1_59' title='bbox 199 1256 231 1315; x_wconf 91' lang='lat' dir='ltr'><strong>te</strong></span> <span class='ocrx_word' id='word_1_60' title='bbox 255 1249 351 1314; x_wconf 91' lang='lat' dir='ltr'><strong>sacris</strong></span> <span class='ocrx_word' id='word_1_61' title='bbox 374 1249 547 1314; x_wconf 88' lang='lat' dir='ltr'><strong>canonibus</strong></span> <span class='ocrx_word' id='word_1_62' title='bbox 583 1252 615 1313; x_wconf 88' lang='lat' dir='ltr'><strong>et</strong></span> <span class='ocrx_word' id='word_1_63' title='bbox 638 1247 763 1334; x_wconf 90' lang='lat' dir='ltr'><strong>legibus</strong></span> <span class='ocrx_word' id='word_1_64' title='bbox 786 1248 1004 1332; x_wconf 79' lang='lat' dir='ltr'><strong>imperialibus</strong></span> <span class='ocrx_word' id='word_1_65' title='bbox 1027 1247 1211 1332; x_wconf 78' lang='lat' dir='ltr'><strong>alumpnum</strong></span> <span class='ocrx_word' id='word_1_66' title='bbox 1230 1253 1297 1314; x_wconf 90' lang='lat' dir='ltr'><strong>tra-</strong></span> 
     </span>
     <span class='ocr_line' id='line_1_9' title="bbox 142 1353 1298 1439; baseline -0.001 -21"><span class='ocrx_word' id='word_1_67' title='bbox 142 1354 265 1434; x_wconf 88' lang='lat' dir='ltr'><strong>didisti,</strong></span> <span class='ocrx_word' id='word_1_68' title='bbox 289 1354 369 1419; x_wconf 90' lang='lat' dir='ltr'><strong>lucri</strong></span> <span class='ocrx_word' id='word_1_69' title='bbox 393 1375 498 1431; x_wconf 89' lang='lat' dir='ltr'><strong>causa,</strong></span> <span class='ocrx_word' id='word_1_70' title='bbox 523 1357 560 1418; x_wconf 91' lang='lat' dir='ltr'><strong>ut</strong></span> <span class='ocrx_word' id='word_1_71' title='bbox 575 1374 656 1432; x_wconf 90' lang='lat' dir='ltr'><strong>reor,</strong></span> <span class='ocrx_word' id='word_1_72' title='bbox 680 1355 763 1438; x_wconf 91' lang='lat' dir='ltr'><strong>quod</strong></span> <span class='ocrx_word' id='word_1_73' title='bbox 787 1356 835 1417; x_wconf 88' lang='lat' dir='ltr'><strong>est</strong></span> <span class='ocrx_word' id='word_1_74' title='bbox 857 1353 1024 1439; x_wconf 84' lang='lat' dir='ltr'><strong>ydolorum</strong></span> <span class='ocrx_word' id='word_1_75' title='bbox 1047 1353 1193 1433; x_wconf 77' lang='lat' dir='ltr'><strong>serviles,</strong></span> <span class='ocrx_word' id='word_1_76' title='bbox 1216 1356 1298 1419; x_wconf 88' lang='lat' dir='ltr'><strong>teste</strong></span> 
     </span>
     <span class='ocr_line' id='line_1_10' title="bbox 141 1457 1296 1543; baseline -0.002 -19"><span class='ocrx_word' id='word_1_77' title='bbox 141 1458 314 1543; x_wconf 88' lang='lat' dir='ltr'><strong>apostolo¹</strong></span> <span class='ocrx_word' id='word_1_78' title='bbox 340 1463 382 1538; x_wconf 88' lang='lat' dir='ltr'><strong>et,</strong></span> <span class='ocrx_word' id='word_1_79' title='bbox 414 1462 451 1522; x_wconf 93' lang='lat' dir='ltr'><strong>ut</strong></span> <span class='ocrx_word' id='word_1_80' title='bbox 470 1459 576 1523; x_wconf 88' lang='lat' dir='ltr'><strong>verbis</strong></span> <span class='ocrx_word' id='word_1_81' title='bbox 597 1459 661 1523; x_wconf 89' lang='lat' dir='ltr'><strong>tuis</strong></span> <span class='ocrx_word' id='word_1_82' title='bbox 685 1463 776 1536; x_wconf 87' lang='lat' dir='ltr'><strong>utar,</strong></span> <span class='ocrx_word' id='word_1_83' title='bbox 812 1462 848 1523; x_wconf 93' lang='lat' dir='ltr'><strong>ut</strong></span> <span class='ocrx_word' id='word_1_84' title='bbox 870 1457 950 1522; x_wconf 88' lang='lat' dir='ltr'><strong>inibi</strong></span> <span class='ocrx_word' id='word_1_85' title='bbox 974 1458 1108 1524; x_wconf 82' lang='lat' dir='ltr'><strong>disceres</strong></span> <span class='ocrx_word' id='word_1_86' title='bbox 1130 1459 1201 1523; x_wconf 87' lang='lat' dir='ltr'><strong>iura</strong></span> <span class='ocrx_word' id='word_1_87' title='bbox 1223 1480 1296 1542; x_wconf 89' lang='lat' dir='ltr'><strong>per·</strong></span> 
     </span>
     <span class='ocr_line' id='line_1_11' title="bbox 140 1563 1294 1644; baseline -0.002 -14"><span class='ocrx_word' id='word_1_88' title='bbox 140 1571 275 1643; x_wconf 87' lang='lat' dir='ltr'><strong>vertere,</strong></span> <span class='ocrx_word' id='word_1_89' title='bbox 299 1565 372 1630; x_wconf 91' lang='lat' dir='ltr'><strong>lites</strong></span> <span class='ocrx_word' id='word_1_90' title='bbox 390 1565 553 1644; x_wconf 88' lang='lat' dir='ltr'><strong>suscitare,</strong></span> <span class='ocrx_word' id='word_1_91' title='bbox 574 1564 806 1630; x_wconf 75' lang='lat' dir='ltr'><strong>transactiones</strong></span> <span class='ocrx_word' id='word_1_92' title='bbox 823 1563 1010 1642; x_wconf 85' lang='lat' dir='ltr'><strong>rescindere,</strong></span> <span class='ocrx_word' id='word_1_93' title='bbox 1036 1563 1203 1628; x_wconf 89' lang='lat' dir='ltr'><strong>veritatem</strong></span> <span class='ocrx_word' id='word_1_94' title='bbox 1219 1563 1294 1628; x_wconf 91' lang='lat' dir='ltr'><strong>sub·</strong></span> 
     </span>
     <span class='ocr_line' id='line_1_12' title="bbox 141 1667 1296 1753; baseline 0 -19"><span class='ocrx_word' id='word_1_95' title='bbox 141 1670 280 1753; x_wconf 83' lang='lat' dir='ltr'><strong>primore</strong></span> <span class='ocrx_word' id='word_1_96' title='bbox 311 1674 353 1749; x_wconf 88' lang='lat' dir='ltr'><strong>et,</strong></span> <span class='ocrx_word' id='word_1_97' title='bbox 376 1669 551 1753; x_wconf 86' lang='lat' dir='ltr'><strong>equitatem</strong></span> <span class='ocrx_word' id='word_1_98' title='bbox 575 1669 729 1734; x_wconf 78' lang='lat' dir='ltr'><strong>vendere«</strong></span> <span class='ocrx_word' id='word_1_99' title='bbox 749 1667 773 1735; x_wconf 75' lang='lat'><strong>².</strong></span> <span class='ocrx_word' id='word_1_100' title='bbox 820 1668 920 1734; x_wconf 90' lang='lat' dir='ltr'><strong>Miror</strong></span> <span class='ocrx_word' id='word_1_101' title='bbox 944 1670 1026 1735; x_wconf 92' lang='lat' dir='ltr'><strong>unde</strong></span> <span class='ocrx_word' id='word_1_102' title='bbox 1049 1669 1110 1734; x_wconf 94' lang='lat' dir='ltr'><strong>tibi</strong></span> <span class='ocrx_word' id='word_1_103' title='bbox 1132 1672 1224 1734; x_wconf 87' lang='lat' dir='ltr'><strong>tanta</strong></span> <span class='ocrx_word' id='word_1_104' title='bbox 1248 1673 1296 1734; x_wconf 91' lang='lat' dir='ltr'><strong>te·</strong></span> 
     </span>
     <span class='ocr_line' id='line_1_13' title="bbox 141 1771 1295 1859; baseline 0.001 -21"><span class='ocrx_word' id='word_1_105' title='bbox 141 1775 273 1840; x_wconf 87' lang='lat' dir='ltr'><strong>meritae</strong></span> <span class='ocrx_word' id='word_1_106' title='bbox 296 1775 451 1854; x_wconf 83' lang='lat' dir='ltr'><strong>evenerit,</strong></span> <span class='ocrx_word' id='word_1_107' title='bbox 484 1778 521 1840; x_wconf 87' lang='lat' dir='ltr'><strong>ut</strong></span> <span class='ocrx_word' id='word_1_108' title='bbox 543 1778 634 1838; x_wconf 87' lang='lat' dir='ltr'><strong>tuam</strong></span> <span class='ocrx_word' id='word_1_109' title='bbox 657 1774 759 1857; x_wconf 87' lang='lat' dir='ltr'><strong>ipsam</strong></span> <span class='ocrx_word' id='word_1_110' title='bbox 782 1771 989 1855; x_wconf 80' lang='lat' dir='ltr'><strong>facultatem,</strong></span> <span class='ocrx_word' id='word_1_111' title='bbox 1023 1775 1057 1839; x_wconf 90' lang='lat' dir='ltr'><strong>in</strong></span> <span class='ocrx_word' id='word_1_112' title='bbox 1080 1797 1142 1859; x_wconf 91' lang='lat' dir='ltr'><strong>qna</strong></span> <span class='ocrx_word' id='word_1_113' title='bbox 1165 1778 1196 1839; x_wconf 94' lang='lat' dir='ltr'><strong>te</strong></span> <span class='ocrx_word' id='word_1_114' title='bbox 1221 1795 1295 1858; x_wconf 93' lang='lat' dir='ltr'><strong>pro-</strong></span> 
     </span>
     <span class='ocr_line' id='line_1_14' title="bbox 139 1877 1295 1964; baseline -0.002 -20"><span class='ocrx_word' id='word_1_115' title='bbox 139 1880 258 1945; x_wconf 86' lang='lat' dir='ltr'><strong>fessum</strong></span> <span class='ocrx_word' id='word_1_116' title='bbox 282 1881 365 1958; x_wconf 90' lang='lat' dir='ltr'><strong>scio,</strong></span> <span class='ocrx_word' id='word_1_117' title='bbox 397 1879 523 1962; x_wconf 85' lang='lat' dir='ltr'><strong>iniurijs</strong></span> <span class='ocrx_word' id='word_1_118' title='bbox 557 1878 656 1944; x_wconf 89' lang='lat' dir='ltr'><strong>tantis</strong></span> <span class='ocrx_word' id='word_1_119' title='bbox 686 1877 855 1943; x_wconf 91' lang='lat' dir='ltr'><strong>conviciari</strong></span> <span class='ocrx_word' id='word_1_120' title='bbox 888 1880 1011 1944; x_wconf 89' lang='lat' dir='ltr'><strong>audeas.</strong></span> <span class='ocrx_word' id='word_1_121' title='bbox 1066 1877 1126 1944; x_wconf 80' lang='lat' dir='ltr'><strong>Oui</strong></span> <span class='ocrx_word' id='word_1_122' title='bbox 1156 1880 1183 1943; x_wconf 88' lang='lat' dir='ltr'><strong>si</strong></span> <span class='ocrx_word' id='word_1_123' title='bbox 1206 1878 1295 1964; x_wconf 89' lang='lat' dir='ltr'><strong>loqui</strong></span> 
     </span>
     <span class='ocr_line' id='line_1_15' title="bbox 140 1982 1294 2068; baseline -0.002 -19"><span class='ocrx_word' id='word_1_124' title='bbox 140 1985 281 2064; x_wconf 87' lang='lat' dir='ltr'><strong>daretur,</strong></span> <span class='ocrx_word' id='word_1_125' title='bbox 304 2006 361 2050; x_wconf 89' lang='lat' dir='ltr'><strong>sua</strong></span> <span class='ocrx_word' id='word_1_126' title='bbox 383 1985 565 2050; x_wconf 88' lang='lat' dir='ltr'><strong>defensione</strong></span> <span class='ocrx_word' id='word_1_127' title='bbox 589 1982 934 2067; x_wconf 88' lang='lat' dir='ltr'><strong>calumpniatoremsui</strong></span> <span class='ocrx_word' id='word_1_128' title='bbox 950 1986 985 2048; x_wconf 90' lang='lat' dir='ltr'><strong>te</strong></span> <span class='ocrx_word' id='word_1_129' title='bbox 1002 1986 1153 2068; x_wconf 86' lang='lat' dir='ltr'><strong>argueret</strong></span> <span class='ocrx_word' id='word_1_130' title='bbox 1174 1988 1206 2048; x_wconf 87' lang='lat' dir='ltr'><strong>et</strong></span> <span class='ocrx_word' id='word_1_131' title='bbox 1229 2005 1294 2049; x_wconf 87' lang='lat' dir='ltr'><strong>non</strong></span> 
     </span>
     <span class='ocr_line' id='line_1_16' title="bbox 141 2087 1291 2173; baseline 0.002 -21"><span class='ocrx_word' id='word_1_132' title='bbox 141 2089 310 2168; x_wconf 86' lang='lat' dir='ltr'><strong>immerito,</strong></span> <span class='ocrx_word' id='word_1_133' title='bbox 334 2111 403 2154; x_wconf 91' lang='lat' dir='ltr'><strong>cum</strong></span> <span class='ocrx_word' id='word_1_134' title='bbox 434 2094 466 2153; x_wconf 91' lang='lat' dir='ltr'><strong>te</strong></span> <span class='ocrx_word' id='word_1_135' title='bbox 489 2111 508 2152; x_wconf 93' lang='lat' dir='ltr'><strong>a</strong></span> <span class='ocrx_word' id='word_1_136' title='bbox 530 2091 618 2152; x_wconf 85' lang='lat' dir='ltr'><strong>terra</strong></span> <span class='ocrx_word' id='word_1_137' title='bbox 639 2108 697 2151; x_wconf 88' lang='lat' dir='ltr'><strong>sua</strong></span> <span class='ocrx_word' id='word_1_138' title='bbox 720 2087 878 2170; x_wconf 88' lang='lat' dir='ltr'><strong>dignitate</strong></span> <span class='ocrx_word' id='word_1_139' title='bbox 894 2089 1056 2167; x_wconf 86' lang='lat' dir='ltr'><strong>extulerit,</strong></span> <span class='ocrx_word' id='word_1_140' title='bbox 1079 2088 1291 2173; x_wconf 87' lang='lat' dir='ltr'><strong>ingratitudi-</strong></span> 
     </span>
     <span class='ocr_line' id='line_1_17' title="bbox 140 2192 1017 2278; baseline 0.001 -20"><span class='ocrx_word' id='word_1_141' title='bbox 140 2195 189 2258; x_wconf 91' lang='lat' dir='ltr'><strong>nis</strong></span> <span class='ocrx_word' id='word_1_142' title='bbox 213 2193 249 2278; x_wconf 88' lang='lat' dir='ltr'><strong>[f.</strong></span> <span class='ocrx_word' id='word_1_143' title='bbox 274 2193 352 2278; x_wconf 81' lang='lat'>263]</span> <span class='ocrx_word' id='word_1_144' title='bbox 377 2194 457 2260; x_wconf 89' lang='lat' dir='ltr'><strong>vicio</strong></span> <span class='ocrx_word' id='word_1_145' title='bbox 482 2192 597 2257; x_wconf 89' lang='lat' dir='ltr'><strong>merito</strong></span> <span class='ocrx_word' id='word_1_146' title='bbox 620 2193 661 2256; x_wconf 91' lang='lat' dir='ltr'><strong>ab</strong></span> <span class='ocrx_word' id='word_1_147' title='bbox 684 2193 754 2276; x_wconf 90' lang='lat' dir='ltr'><strong>ipsa</strong></span> <span class='ocrx_word' id='word_1_148' title='bbox 776 2193 1017 2277; x_wconf 82' lang='lat' dir='ltr'><strong>inculpareris⁸.</strong></span> 
     </span>
    </p>

    <p class='ocr_par' dir='ltr' id='par_1_3' title="bbox 134 2296 1292 3966">
     <span class='ocr_line' id='line_1_18' title="bbox 229 2296 1292 2382; baseline 0 -20"><span class='ocrx_word' id='word_1_149' title='bbox 229 2298 342 2363; x_wconf 88' lang='lat' dir='ltr'><strong>Postea</strong></span> <span class='ocrx_word' id='word_1_150' title='bbox 370 2296 593 2376; x_wconf 90' lang='lat' dir='ltr'><strong>memineris⁴,</strong></span> <span class='ocrx_word' id='word_1_151' title='bbox 626 2297 789 2381; x_wconf 88' lang='lat' dir='ltr'><strong>figmentis</strong></span> <span class='ocrx_word' id='word_1_152' title='bbox 820 2305 988 2382; x_wconf 89' lang='lat' dir='ltr'><strong>poetarum</strong></span> <span class='ocrx_word' id='word_1_153' title='bbox 1022 2303 1055 2364; x_wconf 90' lang='lat' dir='ltr'><strong>te</strong></span> <span class='ocrx_word' id='word_1_154' title='bbox 1078 2298 1237 2364; x_wconf 89' lang='lat' dir='ltr'><strong>adhesisse</strong></span> <span class='ocrx_word' id='word_1_155' title='bbox 1260 2303 1292 2362; x_wconf 88' lang='lat' dir='ltr'><strong>et</strong></span> 
     </span>
     <span class='ocr_line' id='line_1_19' title="bbox 139 2401 1292 2488; baseline -0.002 -18"><span class='ocrx_word' id='word_1_156' title='bbox 139 2427 212 2470; x_wconf 91' lang='lat' dir='ltr'><strong>cum</strong></span> <span class='ocrx_word' id='word_1_157' title='bbox 237 2405 330 2468; x_wconf 85' lang='lat' dir='ltr'><strong>beato</strong></span> <span class='ocrx_word' id='word_1_158' title='bbox 354 2403 521 2468; x_wconf 89' lang='lat' dir='ltr'><strong>Jeronimo</strong></span> <span class='ocrx_word' id='word_1_159' title='bbox 543 2401 726 2468; x_wconf 80' lang='lat' dir='ltr'><strong>Ciceronem</strong></span> <span class='ocrx_word' id='word_1_160' title='bbox 749 2403 825 2468; x_wconf 88' lang='lat' dir='ltr'><strong>olim</strong></span> <span class='ocrx_word' id='word_1_161' title='bbox 850 2410 881 2468; x_wconf 90' lang='lat' dir='ltr'><strong>te</strong></span> <span class='ocrx_word' id='word_1_162' title='bbox 903 2405 1085 2488; x_wconf 87' lang='lat' dir='ltr'><strong>penitencia</strong></span> <span class='ocrx_word' id='word_1_163' title='bbox 1106 2424 1192 2469; x_wconf 89' lang='lat' dir='ltr'><strong>nunc</strong></span> <span class='ocrx_word' id='word_1_164' title='bbox 1214 2403 1292 2468; x_wconf 93' lang='lat' dir='ltr'><strong>duc-</strong></span> 
     </span>
     <span class='ocr_line' id='line_1_20' title="bbox 138 2507 1292 2594; baseline -0.003 -20"><span class='ocrx_word' id='word_1_165' title='bbox 138 2514 209 2574; x_wconf 90' lang='lat' dir='ltr'><strong>tum</strong></span> <span class='ocrx_word' id='word_1_166' title='bbox 232 2509 357 2593; x_wconf 81' lang='lat' dir='ltr'><strong>legisse.</strong></span> <span class='ocrx_word' id='word_1_167' title='bbox 405 2507 556 2573; x_wconf 85' lang='lat' dir='ltr'><strong>Arbitror</strong></span> <span class='ocrx_word' id='word_1_168' title='bbox 571 2531 641 2594; x_wconf 89' lang='lat' dir='ltr'><strong>ego,</strong></span> <span class='ocrx_word' id='word_1_169' title='bbox 665 2509 692 2573; x_wconf 90' lang='lat' dir='ltr'><strong>si</strong></span> <span class='ocrx_word' id='word_1_170' title='bbox 708 2530 745 2574; x_wconf 93' lang='lat' dir='ltr'><strong>eo</strong></span> <span class='ocrx_word' id='word_1_171' title='bbox 769 2510 872 2589; x_wconf 91' lang='lat' dir='ltr'><strong>modo,</strong></span> <span class='ocrx_word' id='word_1_172' title='bbox 897 2532 959 2594; x_wconf 91' lang='lat' dir='ltr'><strong>quo</strong></span> <span class='ocrx_word' id='word_1_173' title='bbox 975 2508 1292 2588; x_wconf 88' lang='lat' dir='ltr'><strong>beatusJeronimus,</strong></span> 
     </span>
     <span class='ocr_line' id='line_1_21' title="bbox 138 2613 1291 2699; baseline -0.003 -20"><span class='ocrx_word' id='word_1_174' title='bbox 138 2615 341 2699; x_wconf 83' lang='lat' dir='ltr'><strong>Augustinus</strong></span> <span class='ocrx_word' id='word_1_175' title='bbox 375 2615 535 2698; x_wconf 85' lang='lat' dir='ltr'><strong>ceterique</strong></span> <span class='ocrx_word' id='word_1_176' title='bbox 570 2613 721 2679; x_wconf 88' lang='lat' dir='ltr'><strong>catholici</strong></span> <span class='ocrx_word' id='word_1_177' title='bbox 764 2615 907 2680; x_wconf 89' lang='lat' dir='ltr'><strong>doctores</strong></span> <span class='ocrx_word' id='word_1_178' title='bbox 935 2613 1117 2680; x_wconf 83' lang='lat' dir='ltr'><strong>Ciceronem</strong></span> <span class='ocrx_word' id='word_1_179' title='bbox 1149 2613 1291 2698; x_wconf 79' lang='lat' dir='ltr'><strong>legisses,</strong></span> 
     </span>
     <span class='ocr_line' id='line_1_22' title="bbox 138 2718 1291 2805; baseline -0.002 -21"><span class='ocrx_word' id='word_1_180' title='bbox 138 2719 270 2784; x_wconf 90' lang='lat' dir='ltr'><strong>minime</strong></span> <span class='ocrx_word' id='word_1_181' title='bbox 293 2718 453 2784; x_wconf 89' lang='lat' dir='ltr'><strong>ducereris</strong></span> <span class='ocrx_word' id='word_1_182' title='bbox 476 2720 663 2803; x_wconf 88' lang='lat' dir='ltr'><strong>penitentia.</strong></span> <span class='ocrx_word' id='word_1_183' title='bbox 710 2718 764 2803; x_wconf 90' lang='lat' dir='ltr'><strong>Hij</strong></span> <span class='ocrx_word' id='word_1_184' title='bbox 790 2720 873 2784; x_wconf 89' lang='lat' dir='ltr'><strong>enim</strong></span> <span class='ocrx_word' id='word_1_185' title='bbox 898 2741 960 2786; x_wconf 90' lang='lat' dir='ltr'><strong>non</strong></span> <span class='ocrx_word' id='word_1_186' title='bbox 985 2721 1194 2805; x_wconf 88' lang='lat' dir='ltr'><strong>dignitatem,</strong></span> <span class='ocrx_word' id='word_1_187' title='bbox 1228 2739 1291 2783; x_wconf 89' lang='lat' dir='ltr'><strong>non</strong></span> 
     </span>
     <span class='ocr_line' id='line_1_23' title="bbox 137 2824 1288 2911; baseline 0 -22"><span class='ocrx_word' id='word_1_188' title='bbox 137 2824 471 2911; x_wconf 88' lang='lat' dir='ltr'><strong>amplitudinem(que)</strong></span> <span class='ocrx_word' id='word_1_189' title='bbox 495 2825 660 2904; x_wconf 87' lang='lat' dir='ltr'><strong>maiorum,</strong></span> <span class='ocrx_word' id='word_1_190' title='bbox 685 2847 749 2890; x_wconf 90' lang='lat' dir='ltr'><strong>non</strong></span> <span class='ocrx_word' id='word_1_191' title='bbox 772 2825 913 2909; x_wconf 91' lang='lat' dir='ltr'><strong>corporis</strong></span> <span class='ocrx_word' id='word_1_192' title='bbox 935 2826 1029 2904; x_wconf 90' lang='lat' dir='ltr'><strong>vires,</strong></span> <span class='ocrx_word' id='word_1_193' title='bbox 1053 2846 1117 2890; x_wconf 90' lang='lat' dir='ltr'><strong>non</strong></span> <span class='ocrx_word' id='word_1_194' title='bbox 1140 2825 1288 2904; x_wconf 84' lang='lat' dir='ltr'><strong>formam,</strong></span> 
     </span>
     <span class='ocr_line' id='line_1_24' title="bbox 136 2930 1289 3014; baseline 0.001 -21"><span class='ocrx_word' id='word_1_195' title='bbox 136 2951 200 2994; x_wconf 89' lang='lat' dir='ltr'><strong>non</strong></span> <span class='ocrx_word' id='word_1_196' title='bbox 224 2930 488 3014; x_wconf 86' lang='lat' dir='ltr'><strong>magnitudinem,</strong></span> <span class='ocrx_word' id='word_1_197' title='bbox 512 2952 576 2996; x_wconf 89' lang='lat' dir='ltr'><strong>non</strong></span> <span class='ocrx_word' id='word_1_198' title='bbox 599 2953 617 2994; x_wconf 89' lang='lat' dir='ltr'><strong>a</strong></span> <span class='ocrx_word' id='word_1_199' title='bbox 639 2931 762 2996; x_wconf 88' lang='lat' dir='ltr'><strong>cunctis</strong></span> <span class='ocrx_word' id='word_1_200' title='bbox 786 2931 969 2996; x_wconf 91' lang='lat' dir='ltr'><strong>hominibus</strong></span> <span class='ocrx_word' id='word_1_201' title='bbox 990 2930 1121 2996; x_wconf 88' lang='lat' dir='ltr'><strong>habitos</strong></span> <span class='ocrx_word' id='word_1_202' title='bbox 1143 2930 1289 3009; x_wconf 87' lang='lat' dir='ltr'><strong>honores,</strong></span> 
     </span>
     <span class='ocr_line' id='line_1_25' title="bbox 136 3035 1290 3122; baseline 0.002 -24"><span class='ocrx_word' id='word_1_203' title='bbox 136 3057 200 3100; x_wconf 87' lang='lat' dir='ltr'><strong>non</strong></span> <span class='ocrx_word' id='word_1_204' title='bbox 225 3035 329 3118; x_wconf 90' lang='lat' dir='ltr'><strong>ipsum</strong></span> <span class='ocrx_word' id='word_1_205' title='bbox 362 3036 551 3119; x_wconf 91' lang='lat' dir='ltr'><strong>imperium,</strong></span> <span class='ocrx_word' id='word_1_206' title='bbox 587 3057 650 3101; x_wconf 90' lang='lat' dir='ltr'><strong>uon</strong></span> <span class='ocrx_word' id='word_1_207' title='bbox 684 3036 836 3122; x_wconf 91' lang='lat' dir='ltr'><strong>quicquid</strong></span> <span class='ocrx_word' id='word_1_208' title='bbox 865 3037 926 3102; x_wconf 92' lang='lat' dir='ltr'><strong>dici</strong></span> <span class='ocrx_word' id='word_1_209' title='bbox 955 3041 1060 3120; x_wconf 88' lang='lat' dir='ltr'><strong>potest</strong></span> <span class='ocrx_word' id='word_1_210' title='bbox 1082 3037 1115 3101; x_wconf 92' lang='lat' dir='ltr'><strong>in</strong></span> <span class='ocrx_word' id='word_1_211' title='bbox 1140 3036 1199 3102; x_wconf 88' lang='lat' dir='ltr'><strong>hac</strong></span> <span class='ocrx_word' id='word_1_212' title='bbox 1220 3037 1290 3101; x_wconf 87' lang='lat' dir='ltr'><strong>vita</strong></span> 
     </span>
     <span class='ocr_line' id='line_1_26' title="bbox 136 3139 1286 3229; baseline 0.003 -26"><span class='ocrx_word' id='word_1_213' title='bbox 136 3139 292 3205; x_wconf 89' lang='lat' dir='ltr'><strong>excellens</strong></span> <span class='ocrx_word' id='word_1_214' title='bbox 313 3141 379 3204; x_wconf 87' lang='lat' dir='ltr'><strong>suis</strong></span> <span class='ocrx_word' id='word_1_215' title='bbox 402 3142 613 3206; x_wconf 87' lang='lat' dir='ltr'><strong>ornatissimis</strong></span> <span class='ocrx_word' id='word_1_216' title='bbox 642 3141 905 3229; x_wconf 88' lang='lat' dir='ltr'><strong>politissimisque</strong></span> <span class='ocrx_word' id='word_1_217' title='bbox 917 3143 1072 3209; x_wconf 88' lang='lat' dir='ltr'><strong>doctrinis</strong></span> <span class='ocrx_word' id='word_1_218' title='bbox 1090 3143 1286 3228; x_wconf 89' lang='lat' dir='ltr'><strong>quesierunt,</strong></span> 
     </span>
     <span class='ocr_line' id='line_1_27' title="bbox 135 3245 1289 3332; baseline 0.008 -26"><span class='ocrx_word' id='word_1_219' title='bbox 135 3245 188 3308; x_wconf 89' lang='lat' dir='ltr'><strong>sed</strong></span> <span class='ocrx_word' id='word_1_220' title='bbox 211 3245 321 3328; x_wconf 87' lang='lat' dir='ltr'><strong>pocius</strong></span> <span class='ocrx_word' id='word_1_221' title='bbox 343 3267 380 3310; x_wconf 92' lang='lat' dir='ltr'><strong>ea</strong></span> <span class='ocrx_word' id='word_1_222' title='bbox 403 3247 442 3311; x_wconf 93' lang='lat' dir='ltr'><strong>ad</strong></span> <span class='ocrx_word' id='word_1_223' title='bbox 465 3247 598 3313; x_wconf 89' lang='lat' dir='ltr'><strong>alterius</strong></span> <span class='ocrx_word' id='word_1_224' title='bbox 621 3248 688 3312; x_wconf 88' lang='lat' dir='ltr'><strong>vite</strong></span> <span class='ocrx_word' id='word_1_225' title='bbox 708 3249 968 3332; x_wconf 88' lang='lat' dir='ltr'><strong>preparacionem</strong></span> <span class='ocrx_word' id='word_1_226' title='bbox 988 3249 1065 3314; x_wconf 91' lang='lat' dir='ltr'><strong>totis</strong></span> <span class='ocrx_word' id='word_1_227' title='bbox 1088 3249 1209 3314; x_wconf 90' lang='lat' dir='ltr'><strong>viribus</strong></span> <span class='ocrx_word' id='word_1_228' title='bbox 1232 3270 1289 3332; x_wconf 93' lang='lat' dir='ltr'><strong>op-</strong></span> 
     </span>
     <span class='ocr_line' id='line_1_28' title="bbox 136 3349 1290 3436; baseline 0.004 -23"><span class='ocrx_word' id='word_1_229' title='bbox 136 3349 233 3414; x_wconf 87' lang='lat' dir='ltr'><strong>tanda</strong></span> <span class='ocrx_word' id='word_1_230' title='bbox 256 3351 478 3436; x_wconf 89' lang='lat' dir='ltr'><strong>querendaque</strong></span> <span class='ocrx_word' id='word_1_231' title='bbox 501 3374 566 3417; x_wconf 86' lang='lat' dir='ltr'><strong>esse</strong></span> <span class='ocrx_word' id='word_1_232' title='bbox 594 3353 848 3420; x_wconf 88' lang='lat' dir='ltr'><strong>arbitrabantur.</strong></span> <span class='ocrx_word' id='word_1_233' title='bbox 898 3353 982 3420; x_wconf 87' lang='lat' dir='ltr'><strong>Nam</strong></span> <span class='ocrx_word' id='word_1_234' title='bbox 1010 3355 1049 3419; x_wconf 89' lang='lat' dir='ltr'><strong>ad</strong></span> <span class='ocrx_word' id='word_1_235' title='bbox 1072 3353 1203 3419; x_wconf 86' lang='lat' dir='ltr'><strong>huiusce</strong></span> <span class='ocrx_word' id='word_1_236' title='bbox 1225 3353 1290 3419; x_wconf 90' lang='lat' dir='ltr'><strong>vite</strong></span> 
     </span>
     <span class='ocr_line' id='line_1_29' title="bbox 136 3455 1287 3543; baseline 0.003 -25"><span class='ocrx_word' id='word_1_237' title='bbox 136 3455 395 3538; x_wconf 89' lang='lat' dir='ltr'><strong>preparacionem</strong></span> <span class='ocrx_word' id='word_1_238' title='bbox 429 3461 461 3522; x_wconf 89' lang='lat' dir='ltr'><strong>et</strong></span> <span class='ocrx_word' id='word_1_239' title='bbox 493 3457 596 3540; x_wconf 87' lang='lat' dir='ltr'><strong>poetis</strong></span> <span class='ocrx_word' id='word_1_240' title='bbox 620 3463 652 3522; x_wconf 89' lang='lat' dir='ltr'><strong>et</strong></span> <span class='ocrx_word' id='word_1_241' title='bbox 684 3459 881 3537; x_wconf 89' lang='lat' dir='ltr'><strong>oratoribus,</strong></span> <span class='ocrx_word' id='word_1_242' title='bbox 911 3459 1120 3543; x_wconf 81' lang='lat' dir='ltr'><strong>scriptoribus</strong></span> <span class='ocrx_word' id='word_1_243' title='bbox 1152 3458 1287 3541; x_wconf 91' lang='lat' dir='ltr'><strong>denique</strong></span> 
     </span>
     <span class='ocr_line' id='line_1_30' title="bbox 134 3559 1287 3650; baseline 0.001 -26"><span class='ocrx_word' id='word_1_244' title='bbox 134 3560 248 3624; x_wconf 89' lang='lat' dir='ltr'><strong>ceteris</strong></span> <span class='ocrx_word' id='word_1_245' title='bbox 269 3559 479 3625; x_wconf 89' lang='lat' dir='ltr'><strong>inherendum</strong></span> <span class='ocrx_word' id='word_1_246' title='bbox 503 3568 704 3642; x_wconf 90' lang='lat' dir='ltr'><strong>censuerunt,</strong></span> <span class='ocrx_word' id='word_1_247' title='bbox 731 3564 814 3627; x_wconf 90' lang='lat' dir='ltr'><strong>unde</strong></span> <span class='ocrx_word' id='word_1_248' title='bbox 838 3565 928 3629; x_wconf 91' lang='lat' dir='ltr'><strong>nobis</strong></span> <span class='ocrx_word' id='word_1_249' title='bbox 955 3562 1023 3650; x_wconf 88' lang='lat' dir='ltr'><strong>[ad]</strong></span> <span class='ocrx_word' id='word_1_250' title='bbox 1052 3563 1172 3648; x_wconf 90' lang='lat' dir='ltr'><strong>ingenij</strong></span> <span class='ocrx_word' id='word_1_251' title='bbox 1199 3583 1287 3626; x_wconf 86' lang='lat' dir='ltr'><strong>exer·</strong></span> 
     </span>
     <span class='ocr_line' id='line_1_31' title="bbox 134 3665 1285 3754; baseline 0.003 -24"><span class='ocrx_word' id='word_1_252' title='bbox 134 3665 320 3730; x_wconf 87' lang='lat' dir='ltr'><strong>citacionem</strong></span> <span class='ocrx_word' id='word_1_253' title='bbox 344 3667 452 3752; x_wconf 91' lang='lat' dir='ltr'><strong>aliqua</strong></span> <span class='ocrx_word' id='word_1_254' title='bbox 467 3667 510 3731; x_wconf 91' lang='lat' dir='ltr'><strong>sit</strong></span> <span class='ocrx_word' id='word_1_255' title='bbox 525 3688 689 3732; x_wconf 87' lang='lat' dir='ltr'><strong>accessura</strong></span> <span class='ocrx_word' id='word_1_256' title='bbox 711 3669 851 3746; x_wconf 87' lang='lat' dir='ltr'><strong>utilitas,</strong></span> <span class='ocrx_word' id='word_1_257' title='bbox 874 3670 974 3734; x_wconf 90' lang='lat' dir='ltr'><strong>veluti</strong></span> <span class='ocrx_word' id='word_1_258' title='bbox 990 3668 1047 3752; x_wconf 88' lang='lat' dir='ltr'><strong>hij,</strong></span> <span class='ocrx_word' id='word_1_259' title='bbox 1072 3669 1127 3754; x_wconf 90' lang='lat' dir='ltr'><strong>qui</strong></span> <span class='ocrx_word' id='word_1_260' title='bbox 1143 3669 1285 3754; x_wconf 86' lang='lat' dir='ltr'><strong>tingunt,</strong></span> 
     </span>
     <span class='ocr_line' id='line_1_32' title="bbox 135 3770 1285 3860; baseline 0.003 -25"><span class='ocrx_word' id='word_1_261' title='bbox 135 3770 333 3855; x_wconf 82' lang='lat' dir='ltr'><strong>comprimo</strong></span> <span class='ocrx_word' id='word_1_262' title='bbox 365 3773 553 3855; x_wconf 83' lang='lat' dir='ltr'><strong>quibusdam</strong></span> <span class='ocrx_word' id='word_1_263' title='bbox 587 3773 689 3838; x_wconf 91' lang='lat' dir='ltr'><strong>modis</strong></span> <span class='ocrx_word' id='word_1_264' title='bbox 717 3774 769 3852; x_wconf 93' lang='lat' dir='ltr'><strong>id,</strong></span> <span class='ocrx_word' id='word_1_265' title='bbox 805 3777 888 3860; x_wconf 90' lang='lat' dir='ltr'><strong>quod</strong></span> <span class='ocrx_word' id='word_1_266' title='bbox 921 3778 1059 3841; x_wconf 90' lang='lat' dir='ltr'><strong>colorem</strong></span> <span class='ocrx_word' id='word_1_267' title='bbox 1083 3779 1285 3859; x_wconf 89' lang='lat' dir='ltr'><strong>recepturum</strong></span> 
     </span>
     <span class='ocr_line' id='line_1_33' title="bbox 134 3877 1286 3966; baseline 0.005 -26"><span class='ocrx_word' id='word_1_268' title='bbox 134 3877 186 3957; x_wconf 90' lang='lat' dir='ltr'><strong>sit,</strong></span> <span class='ocrx_word' id='word_1_269' title='bbox 209 3882 400 3960; x_wconf 90' lang='lat' dir='ltr'><strong>preparant,</strong></span> <span class='ocrx_word' id='word_1_270' title='bbox 433 3882 544 3961; x_wconf 85' lang='lat' dir='ltr'><strong>postea</strong></span> <span class='ocrx_word' id='word_1_271' title='bbox 568 3877 679 3942; x_wconf 89' lang='lat' dir='ltr'><strong>florem</strong></span> <span class='ocrx_word' id='word_1_272' title='bbox 701 3881 967 3963; x_wconf 88' lang='lat' dir='ltr'><strong>superinducunt,</strong></span> <span class='ocrx_word' id='word_1_273' title='bbox 1000 3882 1065 3946; x_wconf 87' lang='lat' dir='ltr'><strong>sive</strong></span> <span class='ocrx_word' id='word_1_274' title='bbox 1089 3902 1286 3966; x_wconf 88' lang='lat' dir='ltr'><strong>purpureum</strong></span> 
     </span>
    </p>
   </div>
   <div class='ocr_carea' id='block_1_3' title="bbox 697 4016 718 4054">
    <p class='ocr_par' dir='ltr' id='par_1_4' title="bbox 697 4016 718 4054">
     <span class='ocr_line' id='line_1_34' title="bbox 697 4016 718 4054; baseline 0 0"><span class='ocrx_word' id='word_1_275' title='bbox 697 4016 718 4054; x_wconf 69' lang='lat' dir='ltr'><strong>&#39;k</strong></span> 
     </span>
    </p>
   </div>
   <div class='ocr_carea' id='block_1_4' title="bbox 131 4100 1284 4609">
    <p class='ocr_par' dir='ltr' id='par_1_5' title="bbox 131 4100 1284 4609">
     <span class='ocr_line' id='line_1_35' title="bbox 206 4100 1284 4178; baseline 0.007 -24"><span class='ocrx_word' id='word_1_276' title='bbox 206 4103 219 4154; x_wconf 93' lang='grc'><strong>1</strong></span> <span class='ocrx_word' id='word_1_277' title='bbox 240 4101 282 4155; x_wconf 88' lang='lat' dir='ltr'><strong>lm</strong></span> <span class='ocrx_word' id='word_1_278' title='bbox 301 4103 415 4170; x_wconf 86' lang='lat' dir='ltr'><strong>concept</strong></span> <span class='ocrx_word' id='word_1_279' title='bbox 431 4100 521 4170; x_wconf 86' lang='lat' dir='ltr'><strong>folgte</strong></span> <span class='ocrx_word' id='word_1_280' title='bbox 540 4102 602 4157; x_wconf 89' lang='lat' dir='ltr'><strong>hier</strong></span> <span class='ocrx_word' id='word_1_281' title='bbox 620 4106 818 4176; x_wconf 83' lang='lat' dir='ltr'><strong>ursprhuglich</strong></span> <span class='ocrx_word' id='word_1_282' title='bbox 837 4107 927 4178; x_wconf 89' lang='lat' dir='ltr'><strong>[dann</strong></span> <span class='ocrx_word' id='word_1_283' title='bbox 940 4107 1175 4178; x_wconf 80' lang='lat' dir='ltr'><strong>durchstrichenJ:</strong></span> <span class='ocrx_word' id='word_1_284' title='bbox 1197 4107 1284 4162; x_wconf 79' lang='lat' dir='ltr'><strong>»Cum</strong></span> 
     </span>
     <span class='ocr_line' id='line_1_36' title="bbox 133 4188 1283 4264; baseline 0.006 -21"><span class='ocrx_word' id='word_1_285' title='bbox 133 4189 226 4259; x_wconf 89' lang='lat' dir='ltr'><strong>pocius</strong></span> <span class='ocrx_word' id='word_1_286' title='bbox 253 4189 344 4257; x_wconf 87' lang='lat' dir='ltr'><strong>ipsam</strong></span> <span class='ocrx_word' id='word_1_287' title='bbox 363 4188 535 4256; x_wconf 80' lang='lat' dir='ltr'><strong>theologiam</strong></span> <span class='ocrx_word' id='word_1_288' title='bbox 554 4207 664 4246; x_wconf 89' lang='lat' dir='ltr'><strong>sacram</strong></span> <span class='ocrx_word' id='word_1_289' title='bbox 677 4193 714 4262; x_wconf 81' lang='lat' dir='ltr'><strong>(l),</strong></span> <span class='ocrx_word' id='word_1_290' title='bbox 744 4194 773 4247; x_wconf 93' lang='lat' dir='ltr'><strong>in</strong></span> <span class='ocrx_word' id='word_1_291' title='bbox 793 4212 849 4264; x_wconf 86' lang='lat' dir='ltr'><strong>qua</strong></span> <span class='ocrx_word' id='word_1_292' title='bbox 872 4195 1010 4258; x_wconf 88' lang='lat' dir='ltr'><strong>professus</strong></span> <span class='ocrx_word' id='word_1_293' title='bbox 1036 4195 1066 4248; x_wconf 90' lang='lat' dir='ltr'><strong>in</strong></span> <span class='ocrx_word' id='word_1_294' title='bbox 1098 4194 1283 4250; x_wconf 87' lang='lat' dir='ltr'><strong>universitate</strong></span> 
     </span>
     <span class='ocr_line' id='line_1_37' title="bbox 133 4275 1282 4350; baseline 0.006 -20"><span class='ocrx_word' id='word_1_295' title='bbox 133 4279 224 4332; x_wconf 87' lang='lat' dir='ltr'><strong>lucras</strong></span> <span class='ocrx_word' id='word_1_296' title='bbox 243 4275 397 4345; x_wconf 84' lang='lat' dir='ltr'><strong>Lipcnensi,</strong></span> <span class='ocrx_word' id='word_1_297' title='bbox 417 4275 567 4346; x_wconf 81' lang='lat' dir='ltr'><strong>dignitatis</strong></span> <span class='ocrx_word' id='word_1_298' title='bbox 586 4279 744 4335; x_wconf 83' lang='lat' dir='ltr'><strong>reverencia</strong></span> <span class='ocrx_word' id='word_1_299' title='bbox 763 4281 945 4335; x_wconf 70' lang='lat' dir='ltr'><strong>insudassess</strong></span> <span class='ocrx_word' id='word_1_300' title='bbox 1018 4282 1034 4334; x_wconf 77' lang='lat'><strong>2</strong></span> <span class='ocrx_word' id='word_1_301' title='bbox 1053 4281 1117 4350; x_wconf 88' lang='lat' dir='ltr'><strong>Vgl.</strong></span> <span class='ocrx_word' id='word_1_302' title='bbox 1138 4283 1282 4345; x_wconf 70' lang='lat' dir='ltr'><strong>Puberes,</strong></span> 
     </span>
     <span class='ocr_line' id='line_1_38' title="bbox 131 4363 1284 4440; baseline 0.006 -23"><span class='ocrx_word' id='word_1_303' title='bbox 131 4364 160 4418; x_wconf 89' lang='lat' dir='ltr'><strong>in</strong></span> <span class='ocrx_word' id='word_1_304' title='bbox 178 4379 323 4434; x_wconf 88' lang='lat' dir='ltr'><strong>procacem</strong></span> <span class='ocrx_word' id='word_1_305' title='bbox 343 4363 480 4418; x_wconf 88' lang='lat' dir='ltr'><strong>medicum</strong></span> <span class='ocrx_word' id='word_1_306' title='bbox 499 4363 640 4421; x_wconf 88' lang='lat' dir='ltr'><strong>invectiva</strong></span> <span class='ocrx_word' id='word_1_307' title='bbox 661 4367 686 4420; x_wconf 96' lang='lat' dir='ltr'><strong>ll</strong></span> <span class='ocrx_word' id='word_1_308' title='bbox 705 4367 785 4438; x_wconf 88' lang='lat' dir='ltr'><strong>[Opp.</strong></span> <span class='ocrx_word' id='word_1_309' title='bbox 805 4388 831 4439; x_wconf 90' lang='lat' dir='ltr'><strong>p.</strong></span> <span class='ocrx_word' id='word_1_310' title='bbox 851 4369 935 4438; x_wconf 68' lang='lat' dir='ltr'><strong>ialal</strong></span> <span class='ocrx_word' id='word_1_311' title='bbox 1016 4371 1032 4424; x_wconf 87' lang='lat'><strong>3</strong></span> <span class='ocrx_word' id='word_1_312' title='bbox 1051 4368 1115 4440; x_wconf 85' lang='lat' dir='ltr'><strong>Vgl.</strong></span> <span class='ocrx_word' id='word_1_313' title='bbox 1136 4370 1188 4425; x_wconf 89' lang='lat' dir='ltr'><strong>den</strong></span> <span class='ocrx_word' id='word_1_314' title='bbox 1207 4370 1284 4427; x_wconf 78' lang='lat' dir='ltr'><strong>brief</strong></span> 
     </span>
     <span class='ocr_line' id='line_1_39' title="bbox 132 4452 1282 4527; baseline 0.008 -22"><span class='ocrx_word' id='word_1_315' title='bbox 132 4452 200 4508; x_wconf 84' lang='lat' dir='ltr'><strong>Rots</strong></span> <span class='ocrx_word' id='word_1_316' title='bbox 218 4469 256 4508; x_wconf 83' lang='lat' dir='ltr'><strong>cn</strong></span> <span class='ocrx_word' id='word_1_317' title='bbox 275 4452 429 4522; x_wconf 86' lang='lat' dir='ltr'><strong>Heimburg</strong></span> <span class='ocrx_word' id='word_1_318' title='bbox 447 4455 665 4523; x_wconf 72' lang='lat' dir='ltr'><strong>[Joaehimsohm</strong></span> <span class='ocrx_word' id='word_1_319' title='bbox 686 4457 840 4527; x_wconf 86' lang='lat' dir='ltr'><strong>Heimburg</strong></span> <span class='ocrx_word' id='word_1_320' title='bbox 859 4459 929 4526; x_wconf 78' lang='lat'><strong>3111.</strong></span> <span class='ocrx_word' id='word_1_321' title='bbox 1009 4459 1026 4511; x_wconf 85' lang='grc'>4</span> <span class='ocrx_word' id='word_1_322' title='bbox 1045 4456 1071 4512; x_wconf 87' lang='lat' dir='ltr'><strong>S.</strong></span> <span class='ocrx_word' id='word_1_323' title='bbox 1093 4457 1282 4523; x_wconf 83' lang='lat' dir='ltr'><strong>Dieffenbach,</strong></span> 
     </span>
     <span class='ocr_line' id='line_1_40' title="bbox 132 4540 486 4609; baseline 0.006 -15"><span class='ocrx_word' id='word_1_324' title='bbox 132 4540 250 4596; x_wconf 85' lang='lat' dir='ltr'><strong>Glossar.</strong></span> <span class='ocrx_word' id='word_1_325' title='bbox 271 4559 291 4594; x_wconf 93' lang='lat' dir='ltr'><strong>s.</strong></span> <span class='ocrx_word' id='word_1_326' title='bbox 312 4541 486 4609; x_wconf 46' lang='lat' dir='ltr'><strong>vsmemino.</strong></span> 
     </span>
    </p>
   </div>
   <div class='ocr_carea' id='block_1_5' title="bbox 0 0 1550 5244">
    <p class='ocr_par' dir='ltr' id='par_1_6' title="bbox 0 0 1550 5244">
     <span class='ocr_line' id='line_1_41' title="bbox 0 0 1550 5244; baseline 0 4"><span class='ocrx_word' id='word_1_327' title='bbox 0 0 1550 5244; x_wconf 95' lang='lat' dir='ltr'><strong> </strong></span> 
     </span>
    </p>
   </div>
  </div>
 </body>
</html>
