3106 5246
135 646 297 712 vobiscum
320 648 511 714 constitutus
540 647 653 729 fuerit,
686 651 746 714 sibi
773 651 811 715 de
834 651 892 716 hac
922 675 955 717 re
977 657 1010 716 et
1032 654 1162 738 quid(?)
1185 653 1288 719 facere

136 751 269 835 posthac
295 753 418 832 debeat,
441 756 528 820 omni
547 775 617 819 curn
635 754 805 838 diligencia
833 755 923 840 loqui
953 757 1041 822 nullo
1072 763 1165 841 pacto
1195 759 1290 822 omit-

136 861 204 922 tare
227 858 334 922 velitis
357 857 478 924 hortor.
524 857 640 924 Itidem
664 865 696 924 et
720 880 779 944 ago
802 858 927 924 faciam.

687 1184 747 1258 87.

136 1321 328 1399 Hermann
357 1322 510 1396 Schedel
536 1347 586 1396 an
617 1323 724 1397 einen
755 1324 1033 1397 unbekannten.
1076 1325 1126 1422 [N
1128 1328 1290 1420 truberg

618 1445 758 1544 14101]
775 1462 798 1521 ¹.

503 1602 566 1656 clm.
585 1603 635 1656 441
655 1602 674 1654 f.
694 1601 754 1656 225.
792 1601 922 1673 concept.

138 1724 268 1788 Bitte
297 1746 360 1788 um
383 1726 639 1811 besorgung
669 1749 749 1792 ron
781 1728 1066 1812 gadruckten
1090 1729 1289 1796 bdchern

609 1852 682 1895 aus
705 1830 817 1896 Rom.

225 1968 366 2034 Salutem
401 1968 573 2053 plurimam
604 1970 693 2035 dicit.
739 1969 919 2036 Retroactis
943 1970 1070 2050 diebus,
1104 1971 1154 2036 vir
1177 1972 1289 2038 buma-

138 2077 277 2158 nissime,
295 2073 434 2141 Michael
449 2073 472 2154 ²,
496 2075 525 2140 d.
543 2099 571 2139 v.
593 2077 871 2161 consanguinitate
887 2078 1075 2142 coniunctus
1089 2080 1195 2142 vestra
1210 2075 1290 2140 mihi

137 2180 275 2248 ostendit
299 2180 436 2264 scripta,
472 2181 704 2246 humanitatem
728 2203 764 2247 ac
788 2183 1037 2248 benivolenciam
1061 2204 1138 2268 erga
1160 2204 1210 2247 me
1233 2203 1291 2266 pra

136 2287 330 2353 auferentia
352 2291 384 2352 et
417 2308 478 2372 que
501 2307 565 2350 non
589 2308 701 2370 parum
733 2288 876 2353 animum
899 2310 1004 2354 meum
1026 2289 1195 2353 iocundum
1218 2286 1289 2352 red·

138 2394 296 2472 didernnt,
320 2392 394 2457 dum
420 2415 457 2457 ea
471 2391 495 2474 ⁸,
519 2415 581 2478 que
603 2394 714 2476 paucis
737 2393 771 2457 in
787 2395 902 2459 itinere
918 2394 1001 2459 circa
1018 2393 1187 2459 Werdeam
1204 2415 1288 2458 com-

139 2499 297 2578 miseram,
325 2497 442 2563 nedum
468 2497 573 2562 animo
598 2519 706 2562 verum
731 2503 763 2564 et
777 2498 989 2564 affectualiter
1004 2521 1129 2564 omnem
1146 2499 1178 2562 in
1202 2518 1238 2560 ea
1256 2518 1290 2560 re

137 2625 265 2690 operam
299 2602 481 2667 adhibuisse
504 2603 666 2667 senserim.
714 2603 835 2668 Avidus
868 2604 953 2668 enim
975 2605 1066 2669 valde
1089 2602 1287 2687 quorundam

135 2732 205 2774 sum
228 2709 401 2788 librorum,
433 2729 495 2792 que
519 2707 618 2772 Rome
641 2708 889 2790 imprimuntur,
913 2730 1050 2792 quorum
1074 2708 1199 2792 copiam
1222 2707 1289 2791 sig·

137 2819 243 2880 natam
267 2814 466 2898 presentibus
490 2811 646 2877 inclusam
668 2811 879 2896 conspicietis.
925 2811 1047 2888 Quibus
1063 2833 1121 2896 pro
1138 2834 1188 2876 me
1202 2832 1288 2875 com-

136 2920 286 3004 parandis
309 2918 514 3003 diligenciam
536 2917 689 3000 optimam
713 2915 891 2980 adhibeatis
913 2937 990 2997 oro,
1015 2938 1093 3002 quos
1116 2916 1232 3003 ligatos
1257 2922 1289 2982 et

136 3025 326 3105 rubricatos,
350 3025 377 3089 si
393 3025 472 3108 phas
488 3023 582 3104 foret,
606 3023 721 3087 habere
747 3043 906 3105 cuperem.
939 3021 1110 3087 Pecuniam
1133 3043 1208 3086 vero
1231 3045 1290 3107 pro

135 3132 214 3218 ipsis
229 3131 447 3214 expagandam
464 3131 589 3217 cuidam
604 3129 745 3194 commisi
761 3129 929 3194 mercatori
941 3128 971 3193 N
974 3130 1161 3213 uremberge
1174 3127 1186 3163 ⁴
1210 3128 1289 3193 mihi

135 3235 403 3324 singularissim0‚
421 3235 606 3300 Hieronimo
621 3234 739 3311 Praun,
758 3235 812 3320 qui
828 3235 922 3299 fratri
938 3255 994 3298 suo
1006 3232 1157 3320 J0[anni]
1173 3233 1288 3312 Praun‚

137 3363 221 3408 nunc
237 3341 401 3407 Florencie
436 3340 608 3417 existenti,
640 3340 752 3404 scribit
776 3344 831 3403 aut
856 3341 888 3403 in
913 3340 979 3404 eius
1002 3341 1148 3406 absencia
1170 3339 1290 3405 famulo

136 3468 192 3511 suo
217 3451 273 3510 aut
295 3445 407 3509 saltem
431 3444 577 3509 societati
599 3464 664 3520 sue,
688 3465 750 3526 que
773 3465 834 3506 non
859 3444 964 3508 minus
981 3443 1080 3509 Rome
1103 3467 1197 3530 quarn
1215 3443 1289 3506 Flo-

137 3551 242 3616 rentia
263 3551 295 3614 in
318 3550 383 3613 suis
407 3548 537 3633 agendis
560 3553 721 3627 versatur,
747 3551 783 3610 ut
805 3547 838 3610 in
862 3548 1100 3630 presentacione
1124 3547 1289 3611 literarum

138 3657 303 3733 relacione,
332 3658 369 3719 ut
383 3676 485 3738 spero,
502 3654 704 3737 intelligatis.
734 3651 771 3717 ln
788 3651 864 3735 ipsis
880 3674 956 3737 ergo
971 3653 1189 3736 comparandis
1205 3674 1289 3718 com·

705 3757 721 3794 a

209 3849 221 3902 l
242 3845 383 3914 Datirung
401 3845 473 3900 nach
491 3843 540 3898 der
558 3843 683 3913 stellung
700 3843 740 3896 im
758 3842 844 3900 codex
862 3861 925 3898 zum
944 3842 1066 3913 rotigen.
1168 3844 1184 3896 2
1202 3843 1288 3913 scrip-

135 3938 229 3992 torum
242 3933 411 3990 cancellarie
420 3931 676 4001 tibergescbrieben.
712 3929 959 3986 Wahrscheinlich
980 3930 1029 3985 der
1041 3928 1159 3984 Michaal
1173 3929 1290 3984 Kramer

136 4039 186 4078 aus
206 4020 451 4091 Kleinlangheim,
480 4020 587 4076 baccal.
606 4023 674 4083 art..
703 4019 752 4073 der
776 4019 805 4072 in
831 4018 925 4074 diesen
949 4018 1052 4087 jahren
1076 4016 1219 4072 mahriach
1247 4019 1289 4070 als

136 4108 337 4164 ratsschraiber
363 4109 531 4170 vorhommt,
550 4124 570 4161 e.
590 4105 861 4162 Sttdte·0hronilren
879 4106 917 4159 xl
941 4106 1067 4175 register.
1104 4104 1165 4175 [Die
1190 4104 1289 4158 beiden

136 4197 198 4254 hier
221 4199 385 4265 ganannten
405 4195 521 4250 Kramer
544 4193 607 4249 siud
631 4193 769 4249 identisch
795 4211 816 4246 s.
842 4193 887 4248 die
916 4192 1076 4249 dedication
1096 4193 1243 4247 Wilhelms
1262 4209 1288 4244 v.

135 4282 293 4340 Hirnlrofen
318 4302 368 4340 vor
394 4285 485 4339 sainer
510 4281 733 4350 verdautscbung
759 4298 814 4337 von
834 4282 910 4336 linea
929 4281 1029 4337 Silvios
1048 4280 1088 4335 De
1113 4277 1226 4334 miseria
1244 4295 1289 4333 cu-

137 4367 765 4442 rialium1478OEsslingemConradl'ynerj.
818 4370 835 4424 3
862 4367 1064 4438 Urspriinglich
1086 4385 1133 4423 vos
1152 4384 1194 4432 aa,
1213 4367 1289 4420 daun

137 4476 185 4516 vos
197 4457 417 4524 durchstrichan,
427 4457 560 4512 wthrend
570 4455 674 4527 richtig
685 4473 719 4511 ea
730 4456 810 4510 httte
822 4455 1036 4510 durcbstrichen
1048 4454 1157 4510 werden
1170 4458 1289 4510 mdssen.

136 4548 224 4601 idm
244 4546 339 4602 rande.
