3106 5246
783 448 849 514 210

237 628 347 692 mirari
371 649 432 692 non
465 626 607 705 sufficio,
640 625 724 710 quod
751 647 809 690 nec
832 625 965 690 minimo
986 626 1083 689 verbo
1107 647 1157 689 me
1179 647 1329 708 umquam
1352 626 1389 692 de

235 734 381 819 ingressu
412 731 497 796 felici
530 731 693 816 religionis
723 736 779 795 aut
824 731 862 796 de
884 752 1007 796 recessu
1034 731 1076 796 ab
1099 731 1250 796 hocloco
1272 731 1391 797 valedi-

236 839 334 904 cendo
367 838 555 902 exhibuistis
576 842 618 916 et,
643 837 727 921 quod
742 836 815 920 plus
838 859 943 901 meum
959 836 1050 920 angit
1072 837 1222 915 animum,
1246 837 1279 900 in
1302 835 1392 901 nullo

236 948 274 1008 ut
295 945 394 1009 vestri
424 964 607 1020 memorem,
630 942 663 1006 in
680 942 788 1026 aliquo
812 942 999 1027 quandoque
1015 963 1072 1007 nec
1087 942 1169 1007 dono
1184 947 1241 1006 aut
1260 964 1391 1008 munere

236 1049 379 1115 donastis
396 1094 684 1114 ............

334 1154 409 1221 Non
432 1156 512 1221 latet
535 1176 590 1220 vos
612 1154 758 1239 danique,
782 1176 845 1220 non
861 1175 975 1239 parum
988 1177 1039 1220 ms
1054 1155 1145 1220 libris
1168 1155 1332 1235 oblectari,
1357 1155 1390 1218 in

235 1262 356 1346 quibus
371 1283 463 1326 omne
479 1266 615 1344 tempus,
638 1261 671 1324 in
687 1261 753 1325 dies
775 1261 809 1324 in
825 1261 904 1344 ipsis
920 1261 1064 1347 legendo,
1087 1266 1166 1340 tero,
1189 1262 1264 1326 dum
1287 1262 1390 1326 ocium

236 1369 267 1433 id
291 1368 423 1433 dederit.
473 1366 564 1450 Rogo
596 1366 751 1431 obnoxius
773 1368 859 1431 omni
894 1388 965 1432 curn
988 1367 1193 1448 humilitate,
1227 1372 1263 1431 ut
1286 1372 1320 1431 ct
1342 1389 1393 1430 rne

236 1473 427 1557 participem
452 1471 586 1536 alicuius
609 1471 684 1536 libri
708 1473 805 1537 vestri
830 1473 931 1538 facere
952 1474 1071 1540 velitis.
1118 1471 1217 1538 Careo
1240 1473 1391 1557 probleu-

236 1583 357 1644 matum
383 1575 567 1641 Aristotelis
584 1575 613 1658 ¹,
645 1599 740 1662 super
773 1579 888 1663 quibus
917 1579 1032 1645 Petrus
1064 1581 1103 1645 de
1127 1581 1240 1645 Abanc
1262 1579 1393 1665 elegan-

237 1684 358 1748 tissime
380 1682 519 1766 scripsit
543 1704 635 1767 quem
659 1681 776 1748 librum
802 1705 898 1767 penes
918 1707 974 1751 vos
1000 1687 1137 1750 residere
1161 1685 1225 1750 scio
1248 1706 1392 1752 necnon

238 1795 269 1854 et
293 1789 460 1854 eilbertum
494 1789 531 1851 de
554 1788 766 1869 animalibus,
799 1789 831 1853 in
856 1792 971 1875 quibus
994 1791 1136 1874 legendis
1159 1789 1296 1855 utilitati
1319 1790 1392 1873 plu·

238 1895 354 1960 rimnnr
378 1893 458 1958 mihi
482 1891 576 1971 foret,
600 1894 768 1976 presertim
793 1894 827 1959 in
852 1894 1126 1979 probleurnatibus
1148 1901 1229 1975 etc,
1254 1916 1316 1981 quo
1341 1895 1390 1958 bi-

239 2000 398 2066 bliotheca
420 2020 489 2063 mea
498 1999 534 2082 (1)
559 1999 585 2062 is
608 1998 690 2064 liber
714 2000 854 2065 multum
881 2002 1001 2067 decoris
1024 2001 1163 2072 afferret.

710 2213 919 2228 -ᾞι-ιιι--ο-ι

770 2325 854 2400 105.

373 2473 567 2548 Hermann
612 2473 766 2550 Schedel
805 2502 854 2551 an
883 2479 991 2553 einen
1016 2477 1248 2573 geistlichen.

603 2633 668 2688 clm.
691 2633 780 2688 2241.
800 2635 860 2689 255.
897 2633 1027 2704 concept.

239 2752 538 2822 Nachrichten
563 2757 658 2822 tiber
681 2758 1069 2843 dievermittelung
1092 2758 1201 2822 eines
1225 2755 1393 2822 blicher-

716 2865 907 2930 ankaufa

327 3003 367 3069 Se
382 3004 487 3089 ipsum
504 3008 563 3070 etc.
610 3004 707 3070 Binas
723 3009 844 3071 vestras
859 3005 965 3088 accepi
981 3004 1101 3084 literas,
1124 3004 1237 3069 doctor
1253 3000 1393 3088 egregie,

241 3109 341 3174 maior
364 3114 396 3173 et
419 3115 587 3194 preceptor
609 3110 837 3177 colendissimo.
895 3108 932 3174 In
956 3110 1068 3194 primis
1091 3109 1255 3189 intellexi,
1290 3107 1391 3174 domi-

241 3237 318 3280 num
340 3237 446 3280 meum
461 3237 650 3300 generosum
664 3216 768 3279 minus
792 3220 920 3300 gratum
944 3214 1056 3295 fuisse,
1081 3215 1155 3278 dum
1184 3211 1393 3279 Michaelem²

241 3320 305 3404 ipsi
321 3323 353 3384 et
363 3341 426 3384 non
441 3343 503 3385 una
515 3319 730 3386 Leonardum³
743 3321 843 3386 eciam
859 3321 1119 3401 transmitterem,
1142 3321 1302 3386 arbitrans
1319 3319 1394 3384 dum

244 3425 427 3492 Plutarcum
451 3449 509 3512 pro
532 3427 725 3510 paternitate
749 3449 806 3493 sua
829 3449 1064 3514 compararem,
1099 3448 1159 3511 pro
1180 3449 1231 3492 me
1253 3425 1393 3493 Leonat-

242 3533 315 3596 dum
340 3554 539 3619 comparasse
563 3538 595 3599 et
617 3534 664 3598 ita
685 3533 766 3598 mihi
791 3555 965 3598 asservasse
989 3539 1020 3598 et
1051 3539 1129 3616 aput
1151 3555 1202 3598 me
1226 3532 1394 3598 retinuisse

243 3687 351 3705 .....
371 3639 483 3704 Paucis
506 3639 651 3723 accipite,
676 3636 751 3726 [me]
776 3645 851 3703 ante
874 3662 989 3704 annum
1014 3644 1070 3704 aut
1094 3639 1176 3704 citra
1193 3637 1392 3704 beocardum

243 3745 371 3823 emisse,
404 3749 576 3828 antequam
600 3743 807 3810 Vincencium
832 3745 865 3808 in
889 3745 1024 3810 historia
1046 3744 1185 3809 naturali
1209 3747 1241 3808 et
1264 3742 1392 3808 Plutar-

243 3869 313 3912 ourn
337 3870 395 3932 pro
417 3849 613 3932 paternitate
636 3871 692 3913 sua
715 3871 962 3933 comparassem,
987 3871 1045 3916 neo
1067 3870 1218 3934 umquam
1243 3870 1292 3913 me
1315 3853 1393 3931 aput

242 3976 273 4039 p.
290 3975 314 4019 s.
334 3954 462 4019 silentio
479 3955 657 4038 preterisae,
681 3955 758 4039 quin
783 3977 866 4040 sepe,
889 3955 963 4020 dum
979 3976 1084 4020 coram
1101 3954 1320 4032 constituerer¹
1342 3974 1392 4016 me

244 4057 439 4124 Leonardum
457 4060 569 4125 emisse
593 4057 696 4147 [dixi],
721 4065 901 4144 expectans,
924 4061 951 4126 si
974 4083 1123 4147 umquam
1147 4058 1267 4125 venalis
1290 4059 1393 4124 denuo

242 4166 386 4246 veniret,
419 4188 478 4250 pro
500 4167 569 4251 ipso
592 4165 674 4230 velle
701 4187 901 4250 comparare,
933 4167 1027 4233 sicuti
1057 4172 1088 4230 et
1113 4169 1147 4232 in
1170 4166 1241 4230 aliis
1264 4188 1393 4252 compa·

809 4271 825 4307 a

315 4355 490 4411 lGedrnclrt
509 4356 562 4410 Pat
550 4355 645 4411 taviae
668 4356 736 4410 1482
755 4357 811 4410 und
838 4357 918 4422 diter,
938 4355 995 4425 vgl
1010 4356 1166 4412 Fabricius·
1168 4358 1312 4424 MansiV,
1330 4355 1390 4413 229.

244 4443 260 4498 2
275 4443 419 4500 Michaelis
428 4444 462 4500 de
471 4442 614 4500 Oarobano
626 4443 834 4501 Sermonarium
845 4442 994 4516 [gedruclrt
1004 4444 1131 4515 Venedig
1144 4446 1245 4516 147612
1281 4447 1297 4501 3
1309 4446 1391 4502 Wohl

245 4528 404 4585 Leonardus
423 4532 456 4586 de
467 4529 561 4597 Utino,
582 4531 727 4590 Sermones
746 4533 1005 4602 quadragesimales
1024 4533 1163 4604 gedruclrt
1179 4517 1303 4603 Veiiedig
1315 4533 1391 4591 1423.
