3106 5252
682 455 724 519 47

129 621 230 686 Nemo
263 625 345 688 eninr
375 629 433 704 est,
464 627 519 710 qui
547 628 607 692 tibi
631 629 804 712 sapientius
826 633 956 698 suadere
984 635 1017 698 in
1040 635 1104 722 hijs
1127 639 1228 721 possit
1250 645 1281 704 te

130 729 207 812 ipso.
256 728 407 796 lncumbe
430 753 507 815 ergo
529 738 626 819 atque
649 735 781 820 invigila
811 739 917 804 studio
946 741 992 804 rei
1015 742 1143 824 publice
1165 750 1198 807 et
1220 745 1279 808 eis·

128 833 196 896 dem
221 834 314 900 malis
343 835 585 904 imminentibus
608 840 736 905 obviare
763 863 926 924 procures,
953 867 1011 928 per
1036 849 1118 932 quod
1140 850 1178 913 ad
1194 871 1279 914 sum·

131 961 211 1004 mam
229 939 353 1004 laudem
371 947 404 1006 et
419 943 555 1028 gloriam
572 947 739 1027 pervenire
753 949 873 1031 poteris
891 999 897 1013 .
916 999 923 1014 .
941 1001 949 1014 .

215 1041 312 1128 [Hier
336 1047 442 1113 bricht
465 1050 519 1114 das
542 1055 675 1133 concept
698 1052 763 1135 abl.

599 1311 806 1320 »η--ν--η-υι-υ-

669 1501 728 1572 20.

132 1671 309 1746 Valentin
325 1671 420 1746 Eber
448 1697 496 1744 au
526 1670 740 1766 Sigismund
755 1671 1007 1748 Gessembrot.
1053 1674 1159 1750 Wien
1180 1677 1274 1750 1459

597 1795 667 1887 juli
697 1795 745 1868 22
770 1793 792 1868 ¹.

310 1978 374 2032 olm.
394 1979 445 2032 504
464 1977 483 2030 f.
502 1977 575 2033 398b.
608 1977 750 2032 Absohrift
770 1978 930 2032 Hartmann
949 1978 1084 2034 Schedels.

127 2117 430 2184 Nacbricbten
463 2121 563 2183 liber
595 2119 845 2202 politisohe
879 2120 954 2184 und
990 2123 1276 2207 parabolicbe

245 2223 544 2288 verhiiltnisse.
592 2223 805 2308 lllabnung
836 2247 909 2288 zur
932 2225 1155 2310 einiglreit.

209 2391 267 2456 Sui
299 2391 399 2474 ipsius
428 2393 738 2458 recommendacione
772 2393 926 2476 premissa
957 2396 1031 2475 post
1054 2395 1163 2480 quevis
1185 2395 1276 2460 obse·

127 2497 242 2578 quendi
267 2501 340 2560 vota
363 2497 496 2562 salutem
521 2498 692 2582 plurimam
710 2497 797 2562 dicit.
844 2495 1114 2580 Perspioatissime
1138 2500 1196 2580 vir,
1220 2500 1275 2564 lit·

124 2605 206 2664 teras
228 2606 352 2665 vestras
375 2603 413 2666 ad
450 2624 499 2666 me
523 2602 691 2666 novissime
722 2603 810 2666 datas
841 2603 983 2684 gratanti
1008 2602 1114 2667 animo
1137 2607 1275 2686 percepi,

125 2709 214 2769 tanto
238 2706 366 2790 quidem
390 2706 564 2785 iocundius,
589 2709 708 2791 quanto
732 2729 784 2770 eas
806 2707 968 2770 sinceriori
992 2708 1177 2794 puriorique
1200 2731 1275 2794 erga

126 2833 173 2874 rue
197 2815 305 2874 mente
329 2832 490 2876 emanasse
514 2812 633 2876 etacio
657 2817 689 2874 et
704 2816 810 2876 certus
825 2833 905 2890 suni,
930 2811 1045 2895 quibus
1061 2812 1145 2878 inter
1168 2819 1274 2878 cetera

124 2937 171 2978 me
192 2915 267 2998 plus
290 2915 397 2980 debito
420 2920 452 2980 et
476 2917 620 3000 positivis
643 2923 675 2980 et
697 2916 897 2980 naturalibus
920 2915 1098 3000 divinisque
1116 2919 1269 2984 maiorum

122 3023 301 3084 nostrorum
332 3021 504 3098 institutio,
535 3020 720 3104 quinymmo
751 3019 932 3084 insolubilis
968 3022 1065 3086 eciam
1103 3023 1186 3088 inter
1217 3046 1273 3090 nos

122 3125 279 3189 contracti
303 3125 420 3189 amoris
444 3132 476 3188 et
499 3125 720 3190 benevolencie
734 3125 855 3189 intuitu
879 3126 1042 3192 exhortari
1059 3128 1213 3209 voluistis,
1237 3136 1272 3193 ut

122 3251 225 3294 meum
249 3249 327 3312 erga
345 3209 623 3317 ¹Sig[ismundum]
651 3230 786 3294 Ammon
809 3231 908 3294 animi
932 3254 1095 3296 rancorem
1119 3234 1269 3298 caducum

121 3334 339 3418 abolitumque
361 3356 456 3418 agere
478 3336 574 3400 velim
598 3341 656 3399 etc.
704 3335 745 3398 ut
760 3357 830 3400 eum
853 3336 898 3399 rei
915 3337 1027 3400 seriem
1051 3360 1088 3402 ex
1112 3339 1273 3421 prioribus

122 3440 196 3502 meis
216 3439 335 3502 litteris
358 3439 546 3503 intellixisse
570 3460 624 3503 vos
647 3461 710 3503 non
733 3441 884 3515 dubitem,
909 3463 949 3504 ne
972 3442 1004 3504 in
1030 3441 1087 3505 hoc
1111 3464 1174 3506 uno
1197 3443 1267 3506 lon·

121 3545 261 3627 gioribus
295 3543 480 3610 afficiamini
514 3546 681 3628 predbor,
717 3545 1011 3622 exhortacionibus,
1047 3546 1268 3630 voluntatique

122 3655 223 3714 vestre
246 3670 365 3714 morem
388 3655 424 3714 ut
448 3655 558 3714 teneor
580 3651 739 3735 gerendo,
763 3673 830 3714 eam
855 3651 933 3716 mihi
961 3673 1018 3734 per
1042 3653 1144 3734 ipsum
1168 3653 1268 3724 Siris·

123 3755 271 3818 mundum
304 3754 429 3818 illatam
465 3757 642 3820 molestiam
674 3756 826 3820 abolitam
860 3757 900 3819 iri
928 3758 1036 3820 statui.
1084 3747 1151 3840 Ego
1185 3760 1269 3822 enim

121 3879 238 3922 meeum
261 3859 307 3923 ita
330 3864 486 3924 statutum
510 3861 630 3939 habeo,
661 3862 707 3924 uil
730 3866 795 3926 tam
820 3863 949 3926 difficile
974 3862 1145 3944 excogitari
1168 3884 1269 3946 posse,

121 3963 200 4044 quod
225 3984 288 4026 non
312 3963 405 4029 facile
429 3964 508 4028 mihi
532 3986 597 4028 esse
614 3965 735 4044 debeat,
759 3987 829 4028 cum
849 3967 879 4030 id
896 3989 951 4032 vos
967 3967 1048 4032 velle
1070 3988 1268 4050 cognoscam,

685 4158 701 4194 ’l‘

188 4247 296 4313 lllber
326 4257 461 4314 Valentio
487 4261 559 4315 Eber
588 4263 643 4330 vgl.
670 4261 775 4317 Stohr.
804 4262 844 4328 V,
875 4264 948 4320 306².
984 4262 1173 4316 Wcttenbach
1192 4263 1221 4316 in
1241 4265 1267 4316 d.

120 4343 238 4400 Ztschrft
257 4347 276 4403 f.
290 4347 322 4402 G.
342 4347 367 4403 d.
393 4347 558 4404 Oberrheins
577 4348 665 4414 XXII,
684 4351 727 4405 39.
747 4350 788 4404 58.
814 4349 899 4415 XXV,
922 4353 965 4406 69.
1003 4349 1172 4417 Herberger,
1198 4349 1267 4404 Con·

119 4431 168 4486 rad
186 4432 336 4502 Peotinger
359 4436 415 4504 [15.
435 4453 460 4488 u.
490 4437 528 4489 16.
549 4435 706 4491 Jabresber.
734 4437 760 4488 d.
783 4437 848 4490 hist.
872 4439 902 4493 V.
927 4437 947 4492 f.
966 4435 1118 4490 Schwabcn
1145 4453 1171 4490 u.
1195 4435 1283 4491 Neu»

120 4517 200 4590 burg]
220 4523 261 4576 33.
1120 4555 1122 4560 v
