3106 5252
816 429 857 495 12

258 602 419 668 curatione
445 606 476 665 te
500 600 583 665 tueri
605 599 700 682 velis,
730 603 763 669 id
787 627 849 670 non
880 626 946 669 esse
968 602 1089 668 lactum
1115 654 1122 669 .
1153 652 1161 668 .
1191 651 1232 668 ..
1258 599 1338 675 Oro,
1373 596 1412 655 ul

258 713 290 772 ct
314 707 502 792 quandoque
525 706 763 774 exercitacionis
791 712 897 796 gratie
920 715 977 775 tua
999 713 1077 793 aput
1100 731 1150 774 me
1173 706 1295 790 scripta
1320 722 1406 768 com·

258 818 410 897 pareant,
444 834 483 875 ne
507 814 562 876 tua
589 811 705 878 florens
737 815 954 880 adolescencia
980 814 1069 878 velut
1091 812 1291 878 infructuosa
1314 809 1410 874 arbor

260 921 442 996 emarescat,
467 919 515 980 set
539 919 646 981 exsui
671 919 792 1003 ingenij
829 919 1085 1004 promptitudine
1107 917 1232 983 fructus
1256 914 1411 1000 producat

258 1023 428 1088 uberiores.
474 1021 554 1101 Scio,
579 1045 636 1087 nec
658 1045 708 1088 me
734 1025 864 1090 minime
887 1025 958 1090 falli
981 1025 1105 1107 opinor,
1129 1021 1272 1107 qualibet
1288 1021 1409 1083 semota

260 1129 482 1206 aesertacione,
507 1129 540 1191 in
564 1128 675 1193 multis
697 1134 730 1195 te
753 1131 831 1194 bene
847 1129 1036 1214 dispositum
1052 1149 1173 1194 necnon
1191 1131 1222 1191 et
1238 1127 1271 1190 in
1296 1123 1407 1189 celeri-

258 1236 324 1297 tate
347 1238 438 1298 tanta
460 1233 578 1318 ingenij
604 1234 644 1298 ad
666 1235 911 1321 intelligendum
934 1259 970 1302 ac
987 1234 1244 1320 investigandum
1269 1237 1301 1296 te
1324 1228 1402 1294 satis

258 1342 397 1417 acutum,
420 1344 456 1403 ut
478 1339 571 1404 facile
601 1340 745 1406 doctrina
768 1363 869 1426 pauca
898 1342 1085 1427 precedente
1116 1345 1148 1404 te
1181 1339 1309 1404 doctum
1337 1334 1408 1418 plns

259 1444 332 1528 alijs
349 1443 479 1508 reddere
492 1443 602 1528 possis,
628 1467 727 1530 quare
742 1467 818 1530 ergo
834 1448 941 1512 studia
956 1447 1022 1526 illa,
1048 1467 1108 1531 que
1125 1441 1286 1509 iuventuti
1310 1461 1410 1524 quan-

259 1551 362 1635 doque
394 1549 542 1614 ridentur
573 1550 753 1632 laboriosa,
787 1558 820 1618 te
854 1553 959 1618 minus
981 1554 1136 1629 terreant,
1165 1548 1266 1613 amice
1288 1546 1409 1611 hortor.

260 1653 363 1720 Erunt
386 1655 470 1719 enim
493 1654 599 1719 studia
623 1657 711 1734 talia,
736 1662 772 1722 ut
788 1661 939 1740 expertus
965 1657 1088 1742 loquor,
1113 1655 1183 1720 ocia
1205 1650 1341 1718 iocunda
1363 1669 1411 1712 se-

259 1760 391 1824 nectuti.
437 1758 557 1835 Quibus
581 1782 655 1825 vero
677 1765 709 1824 te
732 1760 804 1844 plus
819 1761 968 1826 insudare
990 1761 1073 1839 volo,
1089 1757 1298 1844 grammatice
1321 1754 1406 1819 vide·

259 1865 342 1944 licet,
367 1865 457 1929 utin
482 1887 517 1929 ea
541 1867 641 1930 bonus
664 1870 696 1929 et
711 1866 851 1950 optimus
881 1867 1039 1946 efficiaris,
1062 1865 1210 1930 insudare
1225 1884 1261 1928 ac
1276 1859 1412 1925 firmiter

260 1969 406 2034 inherere
428 1969 506 2034 velis
529 1991 594 2035 oro.
644 1969 742 2034 Video
766 1971 910 2054 profecto
933 1992 996 2036 non
1033 1970 1184 2035 maiorcm
1209 1968 1411 2032 literatorum

261 2076 357 2139 eciam
383 2078 601 2158 reputatorum
626 2076 803 2156 defectum,
829 2099 924 2161 qnam
948 2077 1086 2141 eiusdem
1108 2073 1320 2160 grammatice
1343 2075 1411 2135 tam

260 2179 395 2264 positive
419 2202 513 2265 quam
538 2181 732 2262 doctrinalis,
755 2183 787 2245 in
812 2205 875 2266 qua
897 2183 924 2246 si
948 2183 1029 2248 bene
1051 2182 1194 2246 imbutus
1216 2178 1340 2252 fueris,
1365 2175 1412 2240 fa-

260 2285 351 2349 cilem
377 2284 509 2350 hebebis
532 2288 569 2350 ad
590 2287 699 2372 quevis
715 2286 779 2351 alia
794 2287 926 2352 aditum.
975 2285 1085 2352 Scribo
1102 2286 1160 2351 hec
1177 2287 1336 2368 expertus,
1360 2279 1411 2346 cui

263 2390 355 2454 fidem
379 2390 528 2455 adhibeas
551 2391 775 2458 indubitatam.
823 2392 937 2478 Dirige
961 2393 1024 2459 tibi
1048 2415 1119 2456 cum
1137 2390 1279 2476 presenti
1294 2387 1336 2452 N.
1361 2408 1412 2451 ca·

260 2517 345 2559 seum
371 2518 468 2560 unum
493 2496 531 2560 de
554 2497 681 2575 nostris,
705 2519 800 2582 quem
825 2499 918 2562 rebus
942 2498 1007 2562 suis
1022 2495 1211 2574 interclusit,
1236 2515 1330 2580 quem
1347 2491 1407 2557 tibi
1497 2540 1500 2546 .

261 2601 436 2684 presentari
460 2602 611 2668 commisi.
653 2601 765 2667 Cetera
783 2625 846 2667 non
868 2609 1049 2686 occurrunt,
1073 2603 1134 2666 nisi
1158 2606 1189 2666 te
1214 2598 1355 2664 moribus
1381 2601 1413 2661 et

260 2707 347 2770 omni
365 2708 530 2772 honestate
547 2729 582 2772 ac
598 2706 751 2774 maiorum
769 2714 898 2773 tucrum
910 2707 1047 2792 vestigia
1059 2707 1150 2792 sequi
1168 2705 1278 2771 audire
1292 2723 1415 2786 semper

262 2812 365 2895 cupio.
413 2811 556 2878 Fratrem
581 2818 672 2878 tunm
695 2811 882 2898 Jo[annem]
906 2814 1010 2879 adhuc
1026 2809 1277 2899 Nnr[emberge]
1301 2808 1412 2892 vagari

262 2917 354 2981 audio
373 2916 392 2981 ¹.
440 2917 555 2982 Nescio
578 2919 654 3003 quid
679 2924 812 3002 patruus
836 2923 943 2983 noster
960 2917 1140 3005 M[arcus]²
1166 2939 1202 2982 ee
1224 2915 1279 3000 alij
1305 2934 1411 2978 secum

262 3020 366 3086 facere
397 3025 596 3106 pretendunt.
655 3023 769 3108 Sepius
800 3025 928 3108 scriptis
951 3024 1067 3091 nedum
1098 3029 1146 3088 set
1170 3027 1202 3087 et
1224 3020 1328 3085 verbis
1352 3040 1410 3102 pro

263 3128 330 3192 eius
353 3129 496 3193 utilitate
529 3151 637 3194 versus
660 3129 815 3195 Venecias
847 3131 995 3195 mittendi
1018 3131 1146 3208 insteti,
1169 3129 1223 3192 sed
1248 3145 1412 3211 nunquam

264 3234 417 3317 proficere
440 3234 559 3317 aliquid
585 3236 686 3318 potui.
731 3235 813 3300 Vale
836 3237 870 3299 in
887 3236 1024 3319 presidio
1039 3236 1080 3318 (1)
1104 3233 1240 3318 virginis
1263 3231 1415 3317 gloriose,

262 3341 378 3405 omnia
391 3344 446 3404 tua
469 3340 589 3422 agenda
612 3341 752 3423 primum
776 3340 808 3405 in
828 3342 975 3405 timorem
998 3341 1046 3405 dei
1063 3339 1208 3404 stabilire
1223 3337 1302 3401 velis
1320 3355 1408 3418 rogo.

263 3443 310 3508 Ex
327 3441 499 3530 Au[gusta]
525 3445 593 3527 ipso
609 3444 659 3508 die
674 3445 778 3508 sancti
792 3443 965 3510 Clementis
980 3467 1063 3510 anno
1090 3443 1209 3509 domiui
1225 3447 1284 3506 etc.
1310 3437 1413 3504 LVII.

735 3561 944 3569 *ῥα-.-

821 3643 854 3712 9.

264 3779 457 3852 Hermann
486 3779 643 3853 Schedel
666 3804 713 3852 an
745 3779 958 3872 Sigismuud
988 3777 1238 3852 Gossembrot.
1283 3775 1416 3873 [Auga-

695 3902 791 3994 burg
822 3895 971 4000 1458³p

647 4021 709 4074 clm.
729 4021 782 4074 224
801 4021 820 4073 f.
839 4021 881 4074 94.
901 4019 1032 4090 Concept.

264 4127 573 4194 Glnekwunseh
597 4149 665 4191 zur
689 4127 916 4210 erlangten
937 4125 1417 4212 biirgermcisterwiirde.

352 4267 541 4350 Magnorum
559 4269 590 4330 et
608 4267 914 4350 sapientissimorum
929 4268 1121 4351 populorum
1138 4287 1192 4329 seu
1209 4287 1315 4329 rerum
1332 4263 1414 4346 pub·
1534 4285 1535 4340 ς

263 4374 396 4440 licarum
423 4378 573 4455 pervetus
596 4372 673 4435 illud
699 4372 884 4436 institutum
900 4394 935 4436 ec
952 4372 1066 4455 'prisca
1089 4393 1125 4436 ea
1148 4370 1341 4434 consuetudo
1356 4368 1419 4432 fuit

854 4481 873 4516 il·

334 4546 464 4614 lVergl.
483 4545 554 4600 oben
577 4563 617 4600 nr.
640 4548 665 4600 5.
718 4545 779 4601 28.
799 4547 886 4598 unten
906 4560 947 4600 nr.
968 4544 1010 4599 56.
1083 4541 1279 4611 dsigismund
1292 4539 1418 4596 (10111111-
1534 4503 1535 4578 1
