3106 5252
797 457 838 522 58

246 631 374 715 aliquod
400 632 511 717 ingens
536 629 637 694 scelus
660 630 836 694 admittere.
882 628 1101 694 Nihilominus
1116 651 1175 714 ego
1191 653 1261 695 eum
1286 631 1398 716 diligo,

244 735 313 800 colo
336 758 372 800 ac
395 758 465 800 amo
488 740 620 820 propter
643 757 732 801 suam
755 735 917 820 egregiam
933 734 1141 801 historiarum
1163 736 1313 800 notitiam
1329 758 1396 800 me·

244 840 389 923 quesibi
412 841 568 926 hyllarem
600 847 697 927 atque
721 841 904 908 benivolum
927 863 1052 925 semper
1075 842 1226 920 exhibeo,
1251 841 1398 926 ⁸inarime

245 968 315 1010 cum
341 948 410 1029 ipse
431 969 495 1011 non
517 948 620 1012 solum
645 955 677 1012 te
699 953 793 1023 amet,
818 947 987 1012 sedeciam
1010 952 1064 1012 tue
1087 946 1255 1029 dignitatis
1277 946 1396 1011 laudis-

244 1072 305 1133 que
328 1051 465 1134 diligens
488 1052 704 1135 amplificator
727 1053 853 1117 existet.
870 1089 912 1098 -
931 1051 1041 1117 Frater
1062 1073 1149 1116 meus
1164 1050 1297 1116 Georius
1315 1050 1334 1127 ¹,
1360 1056 1397 1115 ut

246 1156 348 1234 audio,
373 1156 451 1220 satis
474 1156 638 1222 honestem
654 1159 755 1223 vitam
770 1162 866 1242 atque
882 1157 1036 1240 preclaris
1054 1156 1195 1222 moribus
1211 1156 1396 1222 institutam

242 1260 326 1344 agit,
360 1261 434 1326 licet
464 1262 610 1326 nonnulli
643 1262 798 1346 superiori
834 1266 977 1344 tempore
999 1261 1093 1326 aliter
1115 1261 1153 1326 de
1177 1282 1213 1326 eo
1236 1283 1397 1326 rumorem

241 1387 391 1449 sporgere
419 1367 608 1432 curaverint.
661 1366 765 1432 Tanta
794 1367 938 1450 profecto
969 1366 1031 1433 hoc
1059 1373 1202 1450 tempere
1231 1365 1396 1430 hominum

241 1471 434 1553 perversitas
459 1477 515 1548 est,
541 1475 578 1535 ut
599 1473 692 1556 pauci
716 1473 885 1539 admodum
902 1474 1113 1558 reperiantur,
1138 1471 1192 1556 qui
1209 1493 1273 1536 noa
1296 1471 1393 1536 male·

243 1575 318 1654 voli,
342 1576 453 1655 invidi,
478 1577 622 1642 maledici
638 1578 705 1642 sint
728 1585 760 1643 et
776 1579 822 1643 ita
837 1579 914 1658 sint,
937 1585 974 1644 ut
989 1579 1074 1642 viros
1089 1596 1296 1660 sepenumero
1320 1596 1394 1659 pre-

244 1679 347 1744 claros
370 1685 401 1744 et
426 1682 507 1746 bone
531 1681 633 1746 laudis
656 1689 687 1746 et
710 1683 904 1765 amplissime
920 1681 1014 1761 fame,
1038 1682 1174 1767 denique
1190 1681 1221 1745 in
1247 1679 1393 1745 secundis

244 1785 339 1849 rebus
362 1787 554 1852 constitutos
567 1787 793 1868 contaminare,
809 1791 846 1853 ut
862 1789 908 1852 ita
923 1788 1067 1866 dixerim,
1091 1791 1256 1852 conentur.
1296 1784 1394 1848 Mitto

242 1890 302 1954 tihi
326 1912 420 1970 nunc,
443 1913 514 1957 cum
530 1914 588 1976 per
603 1897 792 1958 mercatores
808 1894 973 1978 ymagines
989 1892 1151 1958 naturales
1160 1897 1198 1956 et
1211 1892 1244 1956 in
1261 1889 1393 1975 plumbo

241 1993 427 2075 elaboratas,
451 1996 610 2080 principio
627 1995 762 2062 Guarini
780 1996 979 2076 Veronensis,
1002 1996 1162 2061 Francisci
1178 1994 1317 2070 Philelfi,
1333 1992 1391 2059 Jo-

242 2098 356 2163 hannis
380 2099 496 2165 Petri2
519 2105 739 2187 preceptorum
763 2123 926 2180 meorum,
959 2102 1070 2167 deinde
1094 2099 1176 2166 Julii
1201 2099 1332 2177 Cesaris,
1356 2103 1393 2163 ut

242 2202 356 2285 fertur,
382 2211 527 2289 preterea
549 2207 638 2271 ducis
662 2206 857 2272 Venetorum
886 2207 1041 2289 superiori
1066 2212 1211 2288 tempore
1232 2205 1392 2282 miseram,

240 2311 339 2375 eciam
361 2313 526 2397 ymagines
549 2311 690 2377 omnium
708 2313 807 2375 ferme
829 2311 1011 2396 principum
1021 2309 1130 2375 Ytalie
1146 2311 1185 2374 ad
1200 2313 1243 2389 te,
1269 2316 1303 2373 ut
1318 2330 1391 2374 curn

203 2419 205 2424 ’
242 2415 363 2497 pictore
387 2415 509 2500 Mang⁸
539 2419 636 2482 eciam
661 2438 713 2481 eas
734 2417 1000 2496 communicares,
1023 2417 1075 2482 sed
1099 2416 1213 2500 opinor
1235 2420 1267 2481 te
1290 2413 1392 2479 nichil

239 2520 403 2603 accepisse.
451 2521 551 2586 Miror
582 2522 692 2607 itaque
722 2521 996 2586 vehementissime
1020 2522 1183 2587 hominurn
1216 2521 1392 2604 perfidiam.

239 2629 334 2689 Anno
357 2631 462 2692 autem
488 2626 595 2711 elapso
613 2627 800 2710 scripseram
828 2649 923 2692 unam
939 2629 1103 2710 epistolam
1120 2628 1159 2692 ad
1173 2624 1391 2713 mlagistrnm]

239 2728 490 2815 Her[mannum]
514 2752 586 2796 oum
609 2733 734 2816 magnis
751 2731 875 2815 vigilijs
891 2731 1090 2797 lucubratam
1102 2731 1124 2801 ⁴,
1149 2731 1187 2795 de
1210 2752 1273 2816 quo
1293 2729 1390 2794 eciam

238 2858 411 2920 numquam
427 2836 525 2902 habui
543 2859 738 2922 responsum.
785 2838 953 2902 Ediderarn
973 2837 1103 2920 insuper
1125 2857 1220 2899 unam
1243 2833 1392 2900 oraoiun-

237 2940 350 3018 culam,
373 2941 406 3004 in
429 2943 588 3027 principio
611 2944 685 3008 dum
710 2944 739 3008 d.
769 2942 940 3008 Wilhelmo
962 2943 1001 3008 de
1027 2941 1207 3007 Reichenau
1224 2939 1387 3005 Valerium

237 3045 414 3109 Maximum
449 3046 555 3128 legere
589 3049 812 3132 inceperaml,
847 3069 942 3132 quam
966 3047 1025 3112 tibi
1048 3047 1303 3125 transmiseram,
1338 3046 1392 3110 sed

238 3150 362 3214 nullum
386 3172 536 3235 umquam
560 3173 744 3236 responsum
768 3175 787 3216 a
812 3158 845 3217 te
865 3154 991 3235 accepi,
1017 3156 1126 3217 utrum
1149 3173 1216 3216 eam
1240 3150 1393 3216 habueris

236 3278 277 3319 an
301 3275 373 3318 non.
421 3256 503 3333 Quid
528 3258 653 3322 multa?
692 3257 790 3322 'Pedio
813 3257 935 3322 efficior
957 3258 1113 3336 maximo,
1147 3260 1316 3342 postquam
1340 3259 1391 3321 in·

237 3360 360 3442 telligo,
386 3358 426 3446 [f.
451 3360 545 3448 32612]
573 3362 726 3428 bonarum
749 3384 855 3428 rerum
878 3362 924 3426 nil
954 3363 993 3426 ed
1016 3367 1048 3427 te
1071 3363 1257 3446 pervenisse.
1279 3362 1390 3427 -1n·

235 3464 390 3529 reclivem
414 3465 533 3531 domini
557 3465 693 3531 Conradi
709 3465 817 3532 Selder
838 3467 977 3552 undique
992 3468 1229 3533 accuratissime
1252 3468 1388 3552 perlegi,

238 3571 271 3634 in
294 3592 358 3654 qua
383 3591 502 3652 revera,
526 3571 602 3638 licet
618 3594 681 3638 non
705 3573 747 3637 sit
771 3573 912 3640 oratorio
928 3572 1004 3638 stilo
1020 3573 1116 3652 edita,
1142 3574 1245 3639 multa
1260 3575 1391 3660 egregia

803 3737 820 3775 ’l‘

309 3842 321 3894 l
344 3841 379 3894 Es
399 3839 438 3895 ist
456 3841 506 3896 der
525 3843 619 3911 spate
637 3843 679 3897 als
703 3846 750 3898 rat
761 3841 954 3898 Maximilians
973 3842 1106 3898 bertihmt
1124 3843 1288 3914 gewordene
1301 3842 1389 3897 dritte

234 3929 303 3986 solrn
323 3929 370 3984 (les
394 3929 640 4000 btirgermeisters3
660 3931 718 4001 vgl.
738 3932 806 3987 iiber
830 3931 878 3986 ihn
903 3933 989 3986 unten
1002 3949 1042 3985 nr.
1058 3933 1101 3988 64.
1140 3932 1183 3984 An
1196 3931 1245 3986 ihn
1264 3930 1303 3984 ist
1315 3930 1389 3986 wohl

234 4018 305 4072 auch
323 4017 368 4071 die
386 4016 452 4071 rede
470 4015 582 4071 Ulrichs
605 4018 672 4072 tiber
690 4018 744 4074 den
763 4019 865 4074 Terenz
892 4019 932 4090 [in
955 4037 1065 4075 unserm
1080 4019 1164 4075 codex
1178 4019 1200 4073 f.
1211 4020 1263 4074 267
1281 4018 1320 4089 ffi]
1340 4035 1387 4088 ge-

236 4104 346 4160 richtet.
432 4105 448 4158 2
467 4103 609 4159 lohannes
623 4105 722 4162 Petrus
738 4107 864 4169 [aucensis
887 4112 903 4176 †
928 4109 1004 4173 1457,
1023 4125 1044 4162 s.
1064 4106 1320 4172 Fabricius-Marsi,
1342 4106 1386 4160 Bi·

234 4191 376 4247 bliotheca
395 4191 549 4246 mediaest
568 4192 681 4250 infimae
698 4195 852 4250 latinitatis
866 4195 914 4262 IV,
934 4197 994 4251 399.
1048 4194 1215 4252 3Genannt
1234 4193 1264 4249 in
1281 4193 1391 4248 Franks

235 4278 365 4332 Annalen
385 4278 549 4346 [Steicheles
567 4279 670 4335 Archiv
690 4281 730 4346 ll,
759 4283 802 4350 92]
822 4300 855 4336 an
877 4285 956 4347 1455,
976 4301 1018 4338 wo
1036 4299 1066 4338 er
1084 4283 1129 4336 fur
1149 4283 1189 4337 St.
1209 4281 1306 4336 Ulrich
1324 4283 1390 4336 tnn-

233 4365 277 4436 tig
294 4365 340 4422 ist.
379 4365 440 4436 Vgl.
460 4365 529 4421 Rob.
552 4367 672 4433 Vischer,
692 4368 810 4424 Studien
829 4388 851 4425 z.
865 4370 1048 4441 Kunstgesch.
1067 4370 1136 4425 489:
1157 4369 1289 4425 »meister
1301 4387 1391 4440 mang

235 4453 430 4522 schnellaweg,
450 4453 499 4508 ain
518 4457 613 4518 mater,
633 4473 760 4524 gesessen
780 4474 826 4512 am
845 4457 996 4528 eisenberg,
1016 4456 1064 4512 ain
1082 4456 1217 4511 suellen«
1271 4455 1386 4511 doben

234 4558 276 4594 nr.
298 4540 337 4596 12.
411 4544 426 4595 5
446 4540 526 4594 Steht
544 4541 574 4596 in
594 4559 704 4598 unserm
723 4544 807 4600 codex
827 4544 845 4602 i.
865 4545 995 4601 261-66.
1034 4545 1096 4614 Vgl.
1118 4546 1206 4599 unten
1225 4561 1266 4601 nr.
1277 4545 1324 4598 35.
