<?xml version="1.0" encoding="UTF-8"?>
<!DOCTYPE html PUBLIC "-//W3C//DTD XHTML 1.0 Transitional//EN"
    "http://www.w3.org/TR/xhtml1/DTD/xhtml1-transitional.dtd">
<html xmlns="http://www.w3.org/1999/xhtml" xml:lang="en" lang="en">
 <head>
  <title>
</title>
<meta http-equiv="Content-Type" content="text/html;charset=utf-8" />
  <meta name='ocr-system' content='tesseract 3.04.00' />
  <meta name='ocr-capabilities' content='ocr_page ocr_carea ocr_par ocr_line ocrx_word'/>
</head>
<body>
  <div class='ocr_page' id='page_1' title='image "./hermannschedels00joacgoog_0122.png"; bbox 0 0 3092 5244; ppageno 0'>
   <div class='ocr_carea' id='block_1_1' title="bbox 792 436 854 502">
    <p class='ocr_par' dir='ltr' id='par_1_1' title="bbox 792 436 854 502">
     <span class='ocr_line' id='line_1_1' title="bbox 792 436 854 502; baseline -0.032 0"><span class='ocrx_word' id='word_1_1' title='bbox 792 436 854 502; x_wconf 81' lang='lat'>106</span> 
     </span>
    </p>
   </div>
   <div class='ocr_carea' id='block_1_2' title="bbox 245 607 1400 1118">
    <p class='ocr_par' dir='ltr' id='par_1_2' title="bbox 245 607 1400 1118">
     <span class='ocr_line' id='line_1_2' title="bbox 246 607 1399 697; baseline 0.004 -23"><span class='ocrx_word' id='word_1_2' title='bbox 246 631 303 675; x_wconf 86' lang='lat' dir='ltr'>sua</span> <span class='ocrx_word' id='word_1_3' title='bbox 325 610 434 694; x_wconf 79' lang='lat' dir='ltr'>gracia</span> <span class='ocrx_word' id='word_1_4' title='bbox 455 610 590 694; x_wconf 89' lang='lat' dir='ltr'>permitt</span> <span class='ocrx_word' id='word_1_5' title='bbox 609 616 632 674; x_wconf 88' lang='lat' dir='ltr'>t.</span> <span class='ocrx_word' id='word_1_6' title='bbox 687 607 822 677; x_wconf 84' lang='lat' dir='ltr'>Utinam</span> <span class='ocrx_word' id='word_1_7' title='bbox 852 610 979 696; x_wconf 82' lang='lat' dir='ltr'>singula</span> <span class='ocrx_word' id='word_1_8' title='bbox 1009 631 1065 676; x_wconf 91' lang='lat' dir='ltr'>sua</span> <span class='ocrx_word' id='word_1_9' title='bbox 1092 611 1202 697; x_wconf 82' lang='lat' dir='ltr'>gracia</span> <span class='ocrx_word' id='word_1_10' title='bbox 1223 611 1256 676; x_wconf 91' lang='lat' dir='ltr'>in</span> <span class='ocrx_word' id='word_1_11' title='bbox 1281 612 1399 679; x_wconf 88' lang='lat' dir='ltr'>bonum</span> 
     </span>
     <span class='ocr_line' id='line_1_3' title="bbox 248 714 1400 801; baseline 0.003 -22"><span class='ocrx_word' id='word_1_12' title='bbox 248 718 280 780; x_wconf 87' lang='lat' dir='ltr'>et</span> <span class='ocrx_word' id='word_1_13' title='bbox 302 714 461 779; x_wconf 78' lang='lat' dir='ltr'>salubrem</span> <span class='ocrx_word' id='word_1_14' title='bbox 488 719 606 780; x_wconf 90' lang='lat' dir='ltr'>statum</span> <span class='ocrx_word' id='word_1_15' title='bbox 625 715 756 780; x_wconf 91' lang='lat' dir='ltr'>humani</span> <span class='ocrx_word' id='word_1_16' title='bbox 774 717 899 801; x_wconf 85' lang='lat' dir='ltr'>generis</span> <span class='ocrx_word' id='word_1_17' title='bbox 919 716 1171 800; x_wconf 75' lang='lat' dir='ltr'><strong>disponerentur.</strong></span> <span class='ocrx_word' id='word_1_18' title='bbox 1219 716 1302 794; x_wconf 81' lang='lat' dir='ltr'>Quid</span> <span class='ocrx_word' id='word_1_19' title='bbox 1324 738 1400 782; x_wconf 83' lang='lat' dir='ltr'>vero</span> 
     </span>
     <span class='ocr_line' id='line_1_4' title="bbox 247 817 1400 903; baseline 0.001 -19"><span class='ocrx_word' id='word_1_20' title='bbox 247 820 284 884; x_wconf 90' lang='lat' dir='ltr'>ds</span> <span class='ocrx_word' id='word_1_21' title='bbox 308 817 372 884; x_wconf 85' lang='lat' dir='ltr'>tuis</span> <span class='ocrx_word' id='word_1_22' title='bbox 389 821 608 903; x_wconf 88' lang='lat' dir='ltr'>preconceptis</span> <span class='ocrx_word' id='word_1_23' title='bbox 632 820 801 903; x_wconf 84' lang='lat' dir='ltr'>disponere</span> <span class='ocrx_word' id='word_1_24' title='bbox 822 822 971 901; x_wconf 89' lang='lat' dir='ltr'>volueris,</span> <span class='ocrx_word' id='word_1_25' title='bbox 996 844 1045 886; x_wconf 84' lang='lat' dir='ltr'>rne</span> <span class='ocrx_word' id='word_1_26' title='bbox 1067 825 1188 887; x_wconf 88' lang='lat' dir='ltr'>certum</span> <span class='ocrx_word' id='word_1_27' title='bbox 1213 822 1278 886; x_wconf 92' lang='lat' dir='ltr'>tuis</span> <span class='ocrx_word' id='word_1_28' title='bbox 1301 822 1400 886; x_wconf 87' lang='lat' dir='ltr'>facias</span> 
     </span>
     <span class='ocr_line' id='line_1_5' title="bbox 245 924 1400 1012; baseline 0.001 -23"><span class='ocrx_word' id='word_1_29' title='bbox 245 926 383 1009; x_wconf 87' lang='lat' dir='ltr'>scriptis.</span> <span class='ocrx_word' id='word_1_30' title='bbox 431 924 510 990; x_wconf 85' lang='lat' dir='ltr'>Vale</span> <span class='ocrx_word' id='word_1_31' title='bbox 533 926 674 991; x_wconf 73' lang='lat' dir='ltr'>feliciter</span> <span class='ocrx_word' id='word_1_32' title='bbox 698 931 730 990; x_wconf 90' lang='lat' dir='ltr'>et</span> <span class='ocrx_word' id='word_1_33' title='bbox 751 949 800 990; x_wconf 89' lang='lat' dir='ltr'>me</span> <span class='ocrx_word' id='word_1_34' title='bbox 817 925 857 990; x_wconf 93' lang='lat' dir='ltr'>N.</span> <span class='ocrx_word' id='word_1_35' title='bbox 880 925 912 994; x_wconf 90' lang='lat' dir='ltr'>J.</span> <span class='ocrx_word' id='word_1_36' title='bbox 937 927 1112 1012; x_wconf 89' lang='lat' dir='ltr'>ceterisque</span> <span class='ocrx_word' id='word_1_37' title='bbox 1127 927 1264 1010; x_wconf 82' lang='lat' dir='ltr'>singulis</span> <span class='ocrx_word' id='word_1_38' title='bbox 1288 927 1400 991; x_wconf 90' lang='lat' dir='ltr'>amicis</span> 
     </span>
     <span class='ocr_line' id='line_1_6' title="bbox 246 1029 1238 1118; baseline 0 -25"><span class='ocrx_word' id='word_1_39' title='bbox 246 1034 278 1094; x_wconf 92' lang='lat' dir='ltr'>et</span> <span class='ocrx_word' id='word_1_40' title='bbox 300 1030 480 1095; x_wconf 84' lang='lat' dir='ltr'>fautoribus</span> <span class='ocrx_word' id='word_1_41' title='bbox 503 1030 792 1096; x_wconf 89' lang='lat' dir='ltr'>recommendatum</span> <span class='ocrx_word' id='word_1_42' title='bbox 817 1030 943 1096; x_wconf 90' lang='lat' dir='ltr'>habeto.</span> <span class='ocrx_word' id='word_1_43' title='bbox 980 1030 1026 1094; x_wconf 80' lang='lat' dir='ltr'>Ex</span> <span class='ocrx_word' id='word_1_44' title='bbox 1051 1029 1238 1118; x_wconf 65' lang='lat' dir='ltr'>[Augusta]</span> 
     </span>
    </p>
   </div>
   <div class='ocr_carea' id='block_1_3' title="bbox 246 1442 1402 1774">
    <p class='ocr_par' dir='ltr' id='par_1_3' title="bbox 246 1442 1402 1774">
     <span class='ocr_line' id='line_1_7' title="bbox 246 1442 1402 1558; baseline -0.001 -43"><span class='ocrx_word' id='word_1_45' title='bbox 246 1442 440 1517; x_wconf 84' lang='lat' dir='ltr'>Hermann</span> <span class='ocrx_word' id='word_1_46' title='bbox 468 1443 624 1518; x_wconf 85' lang='lat' dir='ltr'>Schedel</span> <span class='ocrx_word' id='word_1_47' title='bbox 659 1468 708 1516; x_wconf 90' lang='lat' dir='ltr'>an</span> <span class='ocrx_word' id='word_1_48' title='bbox 740 1443 957 1516; x_wconf 87' lang='lat' dir='ltr'>Hartmann</span> <span class='ocrx_word' id='word_1_49' title='bbox 989 1442 1153 1516; x_wconf 84' lang='lat' dir='ltr'>Schedel.</span> <span class='ocrx_word' id='word_1_50' title='bbox 1200 1443 1402 1558; x_wconf 80' lang='lat' dir='ltr'>Augsburg</span> 
     </span>
     <span class='ocr_line' id='line_1_8' title="bbox 703 1554 1185 1660; baseline -0.01 -23"><span class='ocrx_word' id='word_1_51' title='bbox 703 1565 817 1658; x_wconf 81' lang='lat'>[1463</span> <span class='ocrx_word' id='word_1_52' title='bbox 851 1563 948 1660; x_wconf 90' lang='lat' dir='ltr'>juli].</span> <span class='ocrx_word' id='word_1_53' title='bbox 1182 1554 1185 1563; x_wconf 72' lang='grc'>’</span> 
     </span>
     <span class='ocr_line' id='line_1_9' title="bbox 487 1715 1166 1774; baseline -0.006 -2"><span class='ocrx_word' id='word_1_54' title='bbox 487 1720 549 1772; x_wconf 75' lang='lat' dir='ltr'>clm,</span> <span class='ocrx_word' id='word_1_55' title='bbox 570 1719 622 1774; x_wconf 80' lang='lat'>418</span> <span class='ocrx_word' id='word_1_56' title='bbox 644 1719 663 1773; x_wconf 82' lang='lat' dir='ltr'>f.</span> <span class='ocrx_word' id='word_1_57' title='bbox 683 1719 756 1774; x_wconf 62' lang='lat'><strong>258⁵.</strong></span> <span class='ocrx_word' id='word_1_58' title='bbox 794 1717 942 1772; x_wconf 83' lang='lat' dir='ltr'>Abschrilt</span> <span class='ocrx_word' id='word_1_59' title='bbox 960 1715 1138 1773; x_wconf 87' lang='lat' dir='ltr'>Hartmanns</span> <span class='ocrx_word' id='word_1_60' title='bbox 1151 1717 1166 1768; x_wconf 88' lang='lat'>¹.</span> 
     </span>
    </p>
   </div>
   <div class='ocr_carea' id='block_1_4' title="bbox 248 1841 1402 2032">
    <p class='ocr_par' dir='ltr' id='par_1_4' title="bbox 248 1841 1402 2032">
     <span class='ocr_line' id='line_1_10' title="bbox 248 1841 1402 1928; baseline 0.002 -23"><span class='ocrx_word' id='word_1_61' title='bbox 248 1841 1021 1907; x_wconf 71' lang='lat' dir='ltr'>Ankaufmedicinischerbucher.</span> <span class='ocrx_word' id='word_1_62' title='bbox 1068 1841 1402 1928; x_wconf 77' lang='lat' dir='ltr'>PestinAugs-</span> 
     </span>
     <span class='ocr_line' id='line_1_11' title="bbox 758 1947 883 2032; baseline -0.008 -19"><span class='ocrx_word' id='word_1_63' title='bbox 758 1947 883 2032; x_wconf 58' lang='lat' dir='ltr'>burg</span> 
     </span>
    </p>
   </div>
   <div class='ocr_carea' id='block_1_5' title="bbox 204 2087 1405 3960">
    <p class='ocr_par' dir='ltr' id='par_1_5' title="bbox 247 2087 1403 3226">
     <span class='ocr_line' id='line_1_12' title="bbox 334 2087 1402 2176; baseline 0.001 -22"><span class='ocrx_word' id='word_1_64' title='bbox 334 2087 476 2156; x_wconf 78' lang='lat' dir='ltr'>Salutem</span> <span class='ocrx_word' id='word_1_65' title='bbox 500 2091 672 2176; x_wconf 87' lang='lat' dir='ltr'>plurimam</span> <span class='ocrx_word' id='word_1_66' title='bbox 695 2090 781 2156; x_wconf 89' lang='lat' dir='ltr'>dicit.</span> <span class='ocrx_word' id='word_1_67' title='bbox 830 2088 946 2155; x_wconf 89' lang='lat' dir='ltr'>Patrue</span> <span class='ocrx_word' id='word_1_68' title='bbox 962 2091 1190 2156; x_wconf 85' lang='lat' dir='ltr'>amantissime.</span> <span class='ocrx_word' id='word_1_69' title='bbox 1239 2091 1320 2156; x_wconf 91' lang='lat' dir='ltr'>Dedi</span> <span class='ocrx_word' id='word_1_70' title='bbox 1337 2091 1402 2174; x_wconf 91' lang='lat' dir='ltr'>hijs</span> 
     </span>
     <span class='ocr_line' id='line_1_13' title="bbox 247 2192 1401 2280; baseline 0.003 -24"><span class='ocrx_word' id='word_1_71' title='bbox 247 2192 358 2260; x_wconf 90' lang='lat' dir='ltr'>diebus</span> <span class='ocrx_word' id='word_1_72' title='bbox 392 2217 522 2280; x_wconf 86' lang='lat' dir='ltr'>operam</span> <span class='ocrx_word' id='word_1_73' title='bbox 556 2197 646 2260; x_wconf 85' lang='lat' dir='ltr'>iuxta</span> <span class='ocrx_word' id='word_1_74' title='bbox 667 2201 796 2280; x_wconf 89' lang='lat' dir='ltr'>optata,</span> <span class='ocrx_word' id='word_1_75' title='bbox 827 2196 853 2260; x_wconf 91' lang='lat' dir='ltr'>si</span> <span class='ocrx_word' id='word_1_76' title='bbox 888 2216 967 2280; x_wconf 89' lang='lat' dir='ltr'>quos</span> <span class='ocrx_word' id='word_1_77' title='bbox 1000 2195 1099 2262; x_wconf 90' lang='lat' dir='ltr'>libros</span> <span class='ocrx_word' id='word_1_78' title='bbox 1132 2218 1190 2280; x_wconf 90' lang='lat' dir='ltr'>pro</span> <span class='ocrx_word' id='word_1_79' title='bbox 1213 2200 1269 2261; x_wconf 89' lang='lat' dir='ltr'>tuo</span> <span class='ocrx_word' id='word_1_80' title='bbox 1294 2195 1401 2260; x_wconf 90' lang='lat' dir='ltr'>studio</span> 
     </span>
     <span class='ocr_line' id='line_1_14' title="bbox 248 2298 1400 2385; baseline 0.001 -23"><span class='ocrx_word' id='word_1_81' title='bbox 248 2298 424 2365; x_wconf 85' lang='lat' dir='ltr'>inchoando</span> <span class='ocrx_word' id='word_1_82' title='bbox 447 2299 500 2366; x_wconf 91' lang='lat' dir='ltr'>hic</span> <span class='ocrx_word' id='word_1_83' title='bbox 523 2299 649 2365; x_wconf 83' lang='lat' dir='ltr'>venales</span> <span class='ocrx_word' id='word_1_84' title='bbox 673 2299 862 2383; x_wconf 88' lang='lat' dir='ltr'>reperirem,</span> <span class='ocrx_word' id='word_1_85' title='bbox 896 2321 974 2384; x_wconf 90' lang='lat' dir='ltr'>quos</span> <span class='ocrx_word' id='word_1_86' title='bbox 997 2300 1140 2382; x_wconf 85' lang='lat' dir='ltr'>profecto</span> <span class='ocrx_word' id='word_1_87' title='bbox 1168 2321 1325 2385; x_wconf 83' lang='lat' dir='ltr'>nusquam</span> <span class='ocrx_word' id='word_1_88' title='bbox 1348 2322 1400 2364; x_wconf 90' lang='lat' dir='ltr'>re-</span> 
     </span>
     <span class='ocr_line' id='line_1_15' title="bbox 247 2404 1400 2489; baseline 0 -21"><span class='ocrx_word' id='word_1_89' title='bbox 247 2404 351 2486; x_wconf 89' lang='lat' dir='ltr'>perire</span> <span class='ocrx_word' id='word_1_90' title='bbox 375 2407 473 2488; x_wconf 82' lang='lat' dir='ltr'>potui,</span> <span class='ocrx_word' id='word_1_91' title='bbox 499 2428 569 2471; x_wconf 91' lang='lat' dir='ltr'>cum</span> <span class='ocrx_word' id='word_1_92' title='bbox 593 2406 673 2469; x_wconf 89' lang='lat' dir='ltr'>tales</span> <span class='ocrx_word' id='word_1_93' title='bbox 696 2426 827 2488; x_wconf 87' lang='lat' dir='ltr'>perraro</span> <span class='ocrx_word' id='word_1_94' title='bbox 850 2405 934 2489; x_wconf 88' lang='lat' dir='ltr'>apud</span> <span class='ocrx_word' id='word_1_95' title='bbox 956 2425 1014 2470; x_wconf 86' lang='lat' dir='ltr'>nos</span> <span class='ocrx_word' id='word_1_96' title='bbox 1037 2405 1161 2470; x_wconf 84' lang='lat' dir='ltr'>venales</span> <span class='ocrx_word' id='word_1_97' title='bbox 1187 2405 1263 2484; x_wconf 90' lang='lat' dir='ltr'>sint,</span> <span class='ocrx_word' id='word_1_98' title='bbox 1286 2405 1400 2470; x_wconf 87' lang='lat' dir='ltr'>saltem</span> 
     </span>
     <span class='ocr_line' id='line_1_16' title="bbox 247 2508 1399 2594; baseline 0.001 -22"><span class='ocrx_word' id='word_1_99' title='bbox 247 2509 307 2575; x_wconf 86' lang='lat' dir='ltr'>tibi</span> <span class='ocrx_word' id='word_1_100' title='bbox 331 2510 433 2578; x_wconf 89' lang='lat' dir='ltr'>utiles.</span> <span class='ocrx_word' id='word_1_101' title='bbox 481 2510 570 2594; x_wconf 88' lang='lat' dir='ltr'>Opus</span> <span class='ocrx_word' id='word_1_102' title='bbox 594 2509 679 2574; x_wconf 91' lang='lat' dir='ltr'>enim</span> <span class='ocrx_word' id='word_1_103' title='bbox 705 2514 753 2574; x_wconf 91' lang='lat' dir='ltr'>est</span> <span class='ocrx_word' id='word_1_104' title='bbox 776 2531 835 2593; x_wconf 90' lang='lat' dir='ltr'>pro</span> <span class='ocrx_word' id='word_1_105' title='bbox 859 2508 1018 2592; x_wconf 88' lang='lat' dir='ltr'>principio</span> <span class='ocrx_word' id='word_1_106' title='bbox 1041 2510 1090 2574; x_wconf 90' lang='lat' dir='ltr'>tui</span> <span class='ocrx_word' id='word_1_107' title='bbox 1113 2510 1212 2576; x_wconf 91' lang='lat' dir='ltr'>studii</span> <span class='ocrx_word' id='word_1_108' title='bbox 1230 2532 1266 2575; x_wconf 86' lang='lat' dir='ltr'>ac</span> <span class='ocrx_word' id='word_1_109' title='bbox 1282 2509 1399 2574; x_wconf 81' lang='lat' dir='ltr'>lunda·</span> 
     </span>
     <span class='ocr_line' id='line_1_17' title="bbox 248 2614 1400 2700; baseline 0.002 -22"><span class='ocrx_word' id='word_1_110' title='bbox 248 2619 354 2679; x_wconf 90' lang='lat' dir='ltr'>mento</span> <span class='ocrx_word' id='word_1_111' title='bbox 379 2615 569 2699; x_wconf 79' lang='lat' dir='ltr'>capessendo</span> <span class='ocrx_word' id='word_1_112' title='bbox 595 2616 718 2699; x_wconf 88' lang='lat' dir='ltr'>primus</span> <span class='ocrx_word' id='word_1_113' title='bbox 733 2616 895 2680; x_wconf 87' lang='lat' dir='ltr'>Avicenne</span> <span class='ocrx_word' id='word_1_114' title='bbox 911 2619 944 2680; x_wconf 92' lang='lat' dir='ltr'>et</span> <span class='ocrx_word' id='word_1_115' title='bbox 963 2615 1123 2681; x_wconf 86' lang='lat' dir='ltr'>Afforismi</span> <span class='ocrx_word' id='word_1_116' title='bbox 1139 2614 1309 2700; x_wconf 87' lang='lat' dir='ltr'>Ypocratis</span> <span class='ocrx_word' id='word_1_117' title='bbox 1326 2637 1400 2680; x_wconf 90' lang='lat' dir='ltr'>cum</span> 
     </span>
     <span class='ocr_line' id='line_1_18' title="bbox 248 2719 1399 2806; baseline 0.002 -24"><span class='ocrx_word' id='word_1_118' title='bbox 248 2725 427 2784; x_wconf 89' lang='lat' dir='ltr'>commento</span> <span class='ocrx_word' id='word_1_119' title='bbox 450 2719 576 2786; x_wconf 85' lang='lat' dir='ltr'>Galieni</span> <span class='ocrx_word' id='word_1_120' title='bbox 600 2726 632 2786; x_wconf 89' lang='lat' dir='ltr'>et</span> <span class='ocrx_word' id='word_1_121' title='bbox 655 2721 737 2803; x_wconf 88' lang='lat' dir='ltr'>alijs,</span> <span class='ocrx_word' id='word_1_122' title='bbox 760 2720 861 2805; x_wconf 71' lang='lat' dir='ltr'>&#39;segni</span> <span class='ocrx_word' id='word_1_123' title='bbox 886 2720 1033 2786; x_wconf 85' lang='lat' dir='ltr'>videlicet</span> <span class='ocrx_word' id='word_1_124' title='bbox 1056 2725 1126 2800; x_wconf 83' lang='lat' dir='ltr'>eta,</span> <span class='ocrx_word' id='word_1_125' title='bbox 1150 2721 1205 2806; x_wconf 91' lang='lat' dir='ltr'>qni</span> <span class='ocrx_word' id='word_1_126' title='bbox 1236 2721 1317 2786; x_wconf 92' lang='lat' dir='ltr'>liber</span> <span class='ocrx_word' id='word_1_127' title='bbox 1340 2743 1399 2804; x_wconf 90' lang='lat' dir='ltr'>ap-</span> 
     </span>
     <span class='ocr_line' id='line_1_19' title="bbox 247 2823 1402 2910; baseline 0.002 -23"><span class='ocrx_word' id='word_1_128' title='bbox 247 2823 360 2906; x_wconf 90' lang='lat' dir='ltr'>pellari</span> <span class='ocrx_word' id='word_1_129' title='bbox 377 2825 489 2890; x_wconf 81' lang='lat' dir='ltr'>solitus</span> <span class='ocrx_word' id='word_1_130' title='bbox 506 2830 553 2890; x_wconf 87' lang='lat' dir='ltr'>est</span> <span class='ocrx_word' id='word_1_131' title='bbox 568 2847 621 2890; x_wconf 89' lang='lat' dir='ltr'>ars</span> <span class='ocrx_word' id='word_1_132' title='bbox 637 2830 861 2903; x_wconf 89' lang='lat' dir='ltr'>commentata,</span> <span class='ocrx_word' id='word_1_133' title='bbox 887 2827 971 2909; x_wconf 91' lang='lat' dir='ltr'>apud</span> <span class='ocrx_word' id='word_1_134' title='bbox 987 2823 1101 2890; x_wconf 88' lang='lat' dir='ltr'>Ytalos</span> <span class='ocrx_word' id='word_1_135' title='bbox 1117 2825 1260 2891; x_wconf 88' lang='lat' dir='ltr'>artisella</span> <span class='ocrx_word' id='word_1_136' title='bbox 1272 2823 1296 2904; x_wconf 74' lang='lat'>²,</span> <span class='ocrx_word' id='word_1_137' title='bbox 1321 2847 1402 2910; x_wconf 91' lang='lat' dir='ltr'>quos</span> 
     </span>
     <span class='ocr_line' id='line_1_20' title="bbox 247 2928 1402 3015; baseline 0.003 -24"><span class='ocrx_word' id='word_1_138' title='bbox 247 2928 275 2991; x_wconf 91' lang='lat' dir='ltr'>si</span> <span class='ocrx_word' id='word_1_139' title='bbox 297 2929 497 2995; x_wconf 84' lang='lat' dir='ltr'>infuturum</span> <span class='ocrx_word' id='word_1_140' title='bbox 521 2930 647 3011; x_wconf 81' lang='lat' dir='ltr'>venales</span> <span class='ocrx_word' id='word_1_141' title='bbox 670 2954 827 3015; x_wconf 89' lang='lat' dir='ltr'>reperero,</span> <span class='ocrx_word' id='word_1_142' title='bbox 851 2953 1034 3014; x_wconf 89' lang='lat' dir='ltr'>comparare</span> <span class='ocrx_word' id='word_1_143' title='bbox 1057 2931 1118 2996; x_wconf 91' lang='lat' dir='ltr'>tibi</span> <span class='ocrx_word' id='word_1_144' title='bbox 1142 2951 1194 2996; x_wconf 89' lang='lat' dir='ltr'>eos</span> <span class='ocrx_word' id='word_1_145' title='bbox 1212 2953 1276 2996; x_wconf 90' lang='lat' dir='ltr'>non</span> <span class='ocrx_word' id='word_1_146' title='bbox 1300 2929 1402 2994; x_wconf 88' lang='lat' dir='ltr'>omit·</span> 
     </span>
     <span class='ocr_line' id='line_1_21' title="bbox 248 3032 1403 3122; baseline 0.003 -26"><span class='ocrx_word' id='word_1_147' title='bbox 248 3037 322 3107; x_wconf 84' lang='lat' dir='ltr'>tam.</span> <span class='ocrx_word' id='word_1_148' title='bbox 370 3032 492 3100; x_wconf 81' lang='lat' dir='ltr'>Suadeo</span> <span class='ocrx_word' id='word_1_149' title='bbox 514 3041 622 3101; x_wconf 90' lang='lat' dir='ltr'>tamen</span> <span class='ocrx_word' id='word_1_150' title='bbox 645 3037 795 3117; x_wconf 76' lang='lat' dir='ltr'>fraterne,</span> <span class='ocrx_word' id='word_1_151' title='bbox 821 3043 857 3103; x_wconf 90' lang='lat' dir='ltr'>ut</span> <span class='ocrx_word' id='word_1_152' title='bbox 879 3036 1091 3122; x_wconf 82' lang='lat' dir='ltr'>originalibus</span> <span class='ocrx_word' id='word_1_153' title='bbox 1114 3057 1239 3120; x_wconf 83' lang='lat' dir='ltr'>semper</span> <span class='ocrx_word' id='word_1_154' title='bbox 1261 3036 1403 3114; x_wconf 83' lang='lat' dir='ltr'>insudas,</span> 
     </span>
     <span class='ocr_line' id='line_1_22' title="bbox 247 3138 944 3226; baseline 0.01 -27"><span class='ocrx_word' id='word_1_155' title='bbox 247 3158 304 3200; x_wconf 90' lang='lat' dir='ltr'>nec</span> <span class='ocrx_word' id='word_1_156' title='bbox 327 3138 490 3222; x_wconf 81' lang='lat' dir='ltr'>ingenium</span> <span class='ocrx_word' id='word_1_157' title='bbox 513 3146 604 3206; x_wconf 85' lang='lat' dir='ltr'>tuum</span> <span class='ocrx_word' id='word_1_158' title='bbox 627 3143 825 3226; x_wconf 82' lang='lat' dir='ltr'>extravagari</span> <span class='ocrx_word' id='word_1_159' title='bbox 849 3142 944 3206; x_wconf 90' lang='lat' dir='ltr'>sinas.</span> 
     </span>
    </p>

    <p class='ocr_par' dir='ltr' id='par_1_6' title="bbox 204 3241 1405 3960">
     <span class='ocr_line' id='line_1_23' title="bbox 339 3241 1403 3333; baseline 0.002 -26"><span class='ocrx_word' id='word_1_160' title='bbox 339 3241 444 3308; x_wconf 91' lang='lat' dir='ltr'>Unum</span> <span class='ocrx_word' id='word_1_161' title='bbox 460 3249 518 3324; x_wconf 88' lang='lat' dir='ltr'>est,</span> <span class='ocrx_word' id='word_1_162' title='bbox 536 3246 619 3329; x_wconf 88' lang='lat' dir='ltr'>quod</span> <span class='ocrx_word' id='word_1_163' title='bbox 635 3247 695 3310; x_wconf 89' lang='lat' dir='ltr'>tibi</span> <span class='ocrx_word' id='word_1_164' title='bbox 710 3247 849 3312; x_wconf 88' lang='lat' dir='ltr'>obticere</span> <span class='ocrx_word' id='word_1_165' title='bbox 872 3268 1003 3332; x_wconf 80' lang='lat' dir='ltr'>nequeo,</span> <span class='ocrx_word' id='word_1_166' title='bbox 1027 3245 1169 3333; x_wconf 88' lang='lat' dir='ltr'>p[atrue]</span> <span class='ocrx_word' id='word_1_167' title='bbox 1186 3246 1403 3312; x_wconf 87' lang='lat' dir='ltr'>dilectissime.</span> 
     </span>
     <span class='ocr_line' id='line_1_24' title="bbox 204 3345 1403 3436; baseline 0.003 -26"><span class='ocrx_word' id='word_1_168' title='bbox 204 3383 206 3385; x_wconf 94' lang='lat'>·</span> <span class='ocrx_word' id='word_1_169' title='bbox 248 3345 353 3411; x_wconf 83' lang='lat' dir='ltr'>Multa</span> <span class='ocrx_word' id='word_1_170' title='bbox 369 3350 454 3413; x_wconf 89' lang='lat' dir='ltr'>enim</span> <span class='ocrx_word' id='word_1_171' title='bbox 469 3355 555 3430; x_wconf 85' lang='lat' dir='ltr'>sunt,</span> <span class='ocrx_word' id='word_1_172' title='bbox 579 3373 640 3436; x_wconf 89' lang='lat' dir='ltr'>que</span> <span class='ocrx_word' id='word_1_173' title='bbox 656 3352 802 3417; x_wconf 88' lang='lat' dir='ltr'>timorem</span> <span class='ocrx_word' id='word_1_174' title='bbox 821 3352 1011 3436; x_wconf 88' lang='lat' dir='ltr'>quandoque</span> <span class='ocrx_word' id='word_1_175' title='bbox 1033 3351 1206 3431; x_wconf 88' lang='lat' dir='ltr'>incuciunt,</span> <span class='ocrx_word' id='word_1_176' title='bbox 1229 3351 1332 3434; x_wconf 81' lang='lat' dir='ltr'>magis</span> <span class='ocrx_word' id='word_1_177' title='bbox 1351 3355 1403 3414; x_wconf 88' lang='lat' dir='ltr'>ta-</span> 
     </span>
     <span class='ocr_line' id='line_1_25' title="bbox 249 3455 1405 3541; baseline 0.003 -26"><span class='ocrx_word' id='word_1_178' title='bbox 249 3474 320 3516; x_wconf 87' lang='lat' dir='ltr'>men</span> <span class='ocrx_word' id='word_1_179' title='bbox 345 3475 394 3517; x_wconf 93' lang='lat' dir='ltr'>me</span> <span class='ocrx_word' id='word_1_180' title='bbox 418 3459 518 3520; x_wconf 86' lang='lat' dir='ltr'>terret</span> <span class='ocrx_word' id='word_1_181' title='bbox 542 3455 635 3522; x_wconf 88' lang='lat' dir='ltr'>huius</span> <span class='ocrx_word' id='word_1_182' title='bbox 662 3456 737 3521; x_wconf 91' lang='lat' dir='ltr'>anni</span> <span class='ocrx_word' id='word_1_183' title='bbox 762 3455 960 3539; x_wconf 83' lang='lat' dir='ltr'>pestilencia,</span> <span class='ocrx_word' id='word_1_184' title='bbox 992 3477 1063 3541; x_wconf 90' lang='lat' dir='ltr'>que,</span> <span class='ocrx_word' id='word_1_185' title='bbox 1088 3477 1279 3541; x_wconf 89' lang='lat' dir='ltr'>quamquam</span> <span class='ocrx_word' id='word_1_186' title='bbox 1303 3477 1405 3539; x_wconf 80' lang='lat' dir='ltr'>parva</span> 
     </span>
     <span class='ocr_line' id='line_1_26' title="bbox 248 3557 1403 3646; baseline 0.002 -24"><span class='ocrx_word' id='word_1_187' title='bbox 248 3557 350 3624; x_wconf 86' lang='lat' dir='ltr'>adhuc</span> <span class='ocrx_word' id='word_1_188' title='bbox 372 3559 535 3624; x_wconf 86' lang='lat' dir='ltr'>nobiseum</span> <span class='ocrx_word' id='word_1_189' title='bbox 570 3583 629 3644; x_wconf 89' lang='lat' dir='ltr'>pro</span> <span class='ocrx_word' id='word_1_190' title='bbox 652 3564 739 3626; x_wconf 89' lang='lat' dir='ltr'>omni</span> <span class='ocrx_word' id='word_1_191' title='bbox 763 3562 941 3646; x_wconf 82' lang='lat' dir='ltr'>suspicione</span> <span class='ocrx_word' id='word_1_192' title='bbox 963 3561 1076 3641; x_wconf 88' lang='lat' dir='ltr'>fuerit,</span> <span class='ocrx_word' id='word_1_193' title='bbox 1110 3585 1149 3625; x_wconf 88' lang='lat' dir='ltr'>ne</span> <span class='ocrx_word' id='word_1_194' title='bbox 1174 3569 1281 3626; x_wconf 90' lang='lat' dir='ltr'>tamen</span> <span class='ocrx_word' id='word_1_195' title='bbox 1304 3581 1403 3643; x_wconf 88' lang='lat' dir='ltr'>super</span> 
     </span>
     <span class='ocr_line' id='line_1_27' title="bbox 247 3665 1401 3750; baseline 0 -23"><span class='ocrx_word' id='word_1_196' title='bbox 247 3668 401 3729; x_wconf 87' lang='lat' dir='ltr'>autumno</span> <span class='ocrx_word' id='word_1_197' title='bbox 425 3666 597 3731; x_wconf 87' lang='lat' dir='ltr'>invalescat</span> <span class='ocrx_word' id='word_1_198' title='bbox 620 3667 817 3750; x_wconf 85' lang='lat' dir='ltr'>pertimesco.</span> <span class='ocrx_word' id='word_1_199' title='bbox 872 3666 1018 3731; x_wconf 88' lang='lat' dir='ltr'>Pociores</span> <span class='ocrx_word' id='word_1_200' title='bbox 1051 3667 1145 3731; x_wconf 91' lang='lat' dir='ltr'>huius</span> <span class='ocrx_word' id='word_1_201' title='bbox 1166 3666 1229 3730; x_wconf 91' lang='lat' dir='ltr'>loci</span> <span class='ocrx_word' id='word_1_202' title='bbox 1254 3665 1401 3729; x_wconf 88' lang='lat' dir='ltr'>homines</span> 
     </span>
     <span class='ocr_line' id='line_1_28' title="bbox 248 3767 1400 3855; baseline 0.003 -25"><span class='ocrx_word' id='word_1_203' title='bbox 248 3767 414 3852; x_wconf 88' lang='lat' dir='ltr'>utriusque</span> <span class='ocrx_word' id='word_1_204' title='bbox 436 3790 526 3832; x_wconf 87' lang='lat' dir='ltr'>sexus</span> <span class='ocrx_word' id='word_1_205' title='bbox 549 3778 671 3855; x_wconf 89' lang='lat' dir='ltr'>pestem</span> <span class='ocrx_word' id='word_1_206' title='bbox 703 3773 804 3855; x_wconf 90' lang='lat' dir='ltr'>ipsam</span> <span class='ocrx_word' id='word_1_207' title='bbox 827 3772 976 3836; x_wconf 87' lang='lat' dir='ltr'>timentes</span> <span class='ocrx_word' id='word_1_208' title='bbox 999 3773 1185 3836; x_wconf 87' lang='lat' dir='ltr'>catervatim</span> <span class='ocrx_word' id='word_1_209' title='bbox 1208 3771 1324 3835; x_wconf 87' lang='lat' dir='ltr'>tuende</span> <span class='ocrx_word' id='word_1_210' title='bbox 1348 3791 1400 3834; x_wconf 91' lang='lat' dir='ltr'>sa-</span> 
     </span>
     <span class='ocr_line' id='line_1_29' title="bbox 248 3873 1399 3960; baseline 0.002 -24"><span class='ocrx_word' id='word_1_211' title='bbox 248 3873 325 3937; x_wconf 87' lang='lat' dir='ltr'>lutis</span> <span class='ocrx_word' id='word_1_212' title='bbox 348 3875 456 3957; x_wconf 85' lang='lat' dir='ltr'>gracia</span> <span class='ocrx_word' id='word_1_213' title='bbox 479 3878 629 3940; x_wconf 86' lang='lat' dir='ltr'>recedunt</span> <span class='ocrx_word' id='word_1_214' title='bbox 641 3875 663 3942; x_wconf 78' lang='lat'>³.</span> <span class='ocrx_word' id='word_1_215' title='bbox 709 3877 769 3943; x_wconf 83' lang='lat' dir='ltr'>Sed</span> <span class='ocrx_word' id='word_1_216' title='bbox 794 3878 897 3960; x_wconf 82' lang='lat' dir='ltr'>qnid?</span> <span class='ocrx_word' id='word_1_217' title='bbox 926 3875 1105 3941; x_wconf 85' lang='lat' dir='ltr'>Inducenda</span> <span class='ocrx_word' id='word_1_218' title='bbox 1119 3882 1195 3940; x_wconf 91' lang='lat' dir='ltr'>sunt</span> <span class='ocrx_word' id='word_1_219' title='bbox 1218 3898 1307 3940; x_wconf 89' lang='lat' dir='ltr'>arma</span> <span class='ocrx_word' id='word_1_220' title='bbox 1331 3875 1399 3940; x_wconf 88' lang='lat' dir='ltr'>for-</span> 
     </span>
    </p>
   </div>
   <div class='ocr_carea' id='block_1_6' title="bbox 247 4065 1403 4573">
    <p class='ocr_par' dir='ltr' id='par_1_7' title="bbox 247 4065 1403 4573">
     <span class='ocr_line' id='line_1_30' title="bbox 318 4065 1403 4137; baseline 0.001 -16"><span class='ocrx_word' id='word_1_221' title='bbox 318 4068 331 4121; x_wconf 95' lang='lat' dir='ltr'>l</span> <span class='ocrx_word' id='word_1_222' title='bbox 354 4066 456 4136; x_wconf 75' lang='lat' dir='ltr'>Wenig</span> <span class='ocrx_word' id='word_1_223' title='bbox 483 4068 701 4131; x_wconf 85' lang='lat' dir='ltr'>abweichendes,</span> <span class='ocrx_word' id='word_1_224' title='bbox 726 4068 827 4136; x_wconf 87' lang='lat' dir='ltr'>jedoch</span> <span class='ocrx_word' id='word_1_225' title='bbox 852 4067 1078 4123; x_wconf 85' lang='lat' dir='ltr'>uuerdentliches</span> <span class='ocrx_word' id='word_1_226' title='bbox 1105 4069 1222 4137; x_wconf 90' lang='lat' dir='ltr'>concept</span> <span class='ocrx_word' id='word_1_227' title='bbox 1240 4065 1403 4122; x_wconf 72' lang='lat' dir='ltr'>Hermanno</span> 
     </span>
     <span class='ocr_line' id='line_1_31' title="bbox 247 4152 1401 4224; baseline 0.003 -18"><span class='ocrx_word' id='word_1_228' title='bbox 247 4152 310 4206; x_wconf 92' lang='lat' dir='ltr'>clm.</span> <span class='ocrx_word' id='word_1_229' title='bbox 330 4153 382 4208; x_wconf 78' lang='lat'>224</span> <span class='ocrx_word' id='word_1_230' title='bbox 400 4154 419 4208; x_wconf 83' lang='lat' dir='ltr'>f.</span> <span class='ocrx_word' id='word_1_231' title='bbox 438 4155 498 4211; x_wconf 81' lang='lat'><strong>288.</strong></span> <span class='ocrx_word' id='word_1_232' title='bbox 536 4155 650 4210; x_wconf 88' lang='lat' dir='ltr'>Danach</span> <span class='ocrx_word' id='word_1_233' title='bbox 669 4174 731 4210; x_wconf 81' lang='lat' dir='ltr'>zum</span> <span class='ocrx_word' id='word_1_234' title='bbox 752 4156 867 4222; x_wconf 75' lang='lat' dir='ltr'>vorigen</span> <span class='ocrx_word' id='word_1_235' title='bbox 890 4154 1017 4224; x_wconf 80' lang='lat' dir='ltr'>&#39;gestellt</span> <span class='ocrx_word' id='word_1_236' title='bbox 1125 4153 1226 4222; x_wconf 76' lang='lat' dir='ltr'>avgl.</span> <span class='ocrx_word' id='word_1_237' title='bbox 1247 4172 1270 4207; x_wconf 80' lang='lat' dir='ltr'>z.</span> <span class='ocrx_word' id='word_1_238' title='bbox 1290 4154 1316 4208; x_wconf 93' lang='lat' dir='ltr'>b.</span> <span class='ocrx_word' id='word_1_239' title='bbox 1336 4153 1401 4209; x_wconf 89' lang='lat' dir='ltr'>clm.</span> 
     </span>
     <span class='ocr_line' id='line_1_32' title="bbox 250 4239 1402 4310; baseline 0.006 -17"><span class='ocrx_word' id='word_1_240' title='bbox 250 4239 308 4294; x_wconf 83' lang='lat'>168.</span> <span class='ocrx_word' id='word_1_241' title='bbox 328 4241 378 4296; x_wconf 85' lang='grc'>187</span> <span class='ocrx_word' id='word_1_242' title='bbox 396 4241 453 4296; x_wconf 88' lang='lat' dir='ltr'>und</span> <span class='ocrx_word' id='word_1_243' title='bbox 473 4241 511 4295; x_wconf 90' lang='lat' dir='ltr'>im</span> <span class='ocrx_word' id='word_1_244' title='bbox 531 4242 718 4310; x_wconf 79' lang='lat' dir='ltr'>ellgemeinen</span> <span class='ocrx_word' id='word_1_245' title='bbox 738 4244 890 4306; x_wconf 85' lang='lat' dir='ltr'>Aschbach‚</span> <span class='ocrx_word' id='word_1_246' title='bbox 912 4243 994 4297; x_wconf 89' lang='lat' dir='ltr'>Univ.</span> <span class='ocrx_word' id='word_1_247' title='bbox 1013 4243 1096 4299; x_wconf 88' lang='lat' dir='ltr'>Wien</span> <span class='ocrx_word' id='word_1_248' title='bbox 1109 4245 1129 4306; x_wconf 88' lang='lat' dir='ltr'>l,</span> <span class='ocrx_word' id='word_1_249' title='bbox 1149 4244 1208 4298; x_wconf 77' lang='lat'><strong>320.</strong></span> <span class='ocrx_word' id='word_1_250' title='bbox 1282 4245 1299 4299; x_wconf 83' lang='lat'><strong>3</strong></span> <span class='ocrx_word' id='word_1_251' title='bbox 1319 4243 1402 4300; x_wconf 77' lang='lat' dir='ltr'>›Und</span> 
     </span>
     <span class='ocr_line' id='line_1_33' title="bbox 248 4327 1401 4402; baseline 0.003 -22"><span class='ocrx_word' id='word_1_252' title='bbox 248 4327 291 4380; x_wconf 85' lang='lat' dir='ltr'>als</span> <span class='ocrx_word' id='word_1_253' title='bbox 310 4344 338 4382; x_wconf 88' lang='lat' dir='ltr'>es</span> <span class='ocrx_word' id='word_1_254' title='bbox 356 4346 414 4382; x_wconf 90' lang='lat' dir='ltr'>nnn</span> <span class='ocrx_word' id='word_1_255' title='bbox 433 4328 498 4382; x_wconf 84' lang='lat' dir='ltr'>kam</span> <span class='ocrx_word' id='word_1_256' title='bbox 519 4347 572 4400; x_wconf 84' lang='lat' dir='ltr'>gen</span> <span class='ocrx_word' id='word_1_257' title='bbox 591 4333 656 4384; x_wconf 87' lang='lat' dir='ltr'>sant</span> <span class='ocrx_word' id='word_1_258' title='bbox 668 4331 768 4386; x_wconf 84' lang='lat' dir='ltr'>Jacobs</span> <span class='ocrx_word' id='word_1_259' title='bbox 782 4335 833 4399; x_wconf 80' lang='lat' dir='ltr'>teg</span> <span class='ocrx_word' id='word_1_260' title='bbox 844 4334 979 4387; x_wconf 87' lang='lat' dir='ltr'>annoetc.</span> <span class='ocrx_word' id='word_1_261' title='bbox 999 4332 1032 4386; x_wconf 89' lang='grc'>63</span> <span class='ocrx_word' id='word_1_262' title='bbox 1046 4330 1110 4402; x_wconf 89' lang='lat' dir='ltr'>[juli</span> <span class='ocrx_word' id='word_1_263' title='bbox 1120 4330 1177 4401; x_wconf 79' lang='lat'>25],</span> <span class='ocrx_word' id='word_1_264' title='bbox 1196 4331 1234 4384; x_wconf 84' lang='lat' dir='ltr'>de</span> <span class='ocrx_word' id='word_1_265' title='bbox 1250 4333 1308 4386; x_wconf 86' lang='lat' dir='ltr'>erst</span> <span class='ocrx_word' id='word_1_266' title='bbox 1319 4330 1401 4385; x_wconf 81' lang='lat' dir='ltr'>ward</span> 
     </span>
     <span class='ocr_line' id='line_1_34' title="bbox 248 4412 1401 4487; baseline 0.003 -20"><span class='ocrx_word' id='word_1_267' title='bbox 248 4412 305 4472; x_wconf 69' lang='lat' dir='ltr'>deu¹</span> <span class='ocrx_word' id='word_1_268' title='bbox 321 4415 430 4470; x_wconf 86' lang='lat' dir='ltr'>reichen</span> <span class='ocrx_word' id='word_1_269' title='bbox 450 4418 543 4472; x_wconf 91' lang='lat' dir='ltr'>leuten</span> <span class='ocrx_word' id='word_1_270' title='bbox 563 4435 684 4486; x_wconf 78' lang='lat' dir='ltr'>gramen</span> <span class='ocrx_word' id='word_1_271' title='bbox 702 4419 759 4473; x_wconf 90' lang='lat' dir='ltr'>und</span> <span class='ocrx_word' id='word_1_272' title='bbox 779 4419 872 4474; x_wconf 88' lang='lat' dir='ltr'>fluhen</span> <span class='ocrx_word' id='word_1_273' title='bbox 891 4420 980 4474; x_wconf 85' lang='lat' dir='ltr'>sicher</span> <span class='ocrx_word' id='word_1_274' title='bbox 993 4435 1045 4487; x_wconf 83' lang='lat' dir='ltr'>gar</span> <span class='ocrx_word' id='word_1_275' title='bbox 1064 4417 1111 4480; x_wconf 89' lang='lat' dir='ltr'>vil,</span> <span class='ocrx_word' id='word_1_276' title='bbox 1132 4416 1188 4472; x_wconf 83' lang='lat' dir='ltr'>dess</span> <span class='ocrx_word' id='word_1_277' title='bbox 1209 4435 1276 4474; x_wconf 86' lang='lat' dir='ltr'>men</span> <span class='ocrx_word' id='word_1_278' title='bbox 1294 4417 1401 4478; x_wconf 56' lang='lat' dir='ltr'>escol</span> 
     </span>
     <span class='ocr_line' id='line_1_35' title="bbox 247 4501 1081 4573; baseline 0.008 -20"><span class='ocrx_word' id='word_1_279' title='bbox 247 4501 358 4573; x_wconf 78' lang='lat' dir='ltr'>pritelet</span> <span class='ocrx_word' id='word_1_280' title='bbox 376 4520 406 4558; x_wconf 81' lang='lat' dir='ltr'>ze</span> <span class='ocrx_word' id='word_1_281' title='bbox 425 4504 538 4558; x_wconf 81' lang='lat' dir='ltr'>kirchen</span> <span class='ocrx_word' id='word_1_282' title='bbox 556 4506 613 4559; x_wconf 92' lang='lat' dir='ltr'>und</span> <span class='ocrx_word' id='word_1_283' title='bbox 635 4524 668 4559; x_wconf 81' lang='lat' dir='ltr'>zu</span> <span class='ocrx_word' id='word_1_284' title='bbox 688 4507 791 4565; x_wconf 77' lang='lat' dir='ltr'>strati.»</span> <span class='ocrx_word' id='word_1_285' title='bbox 830 4507 870 4560; x_wconf 82' lang='lat' dir='ltr'>st.</span> <span class='ocrx_word' id='word_1_286' title='bbox 884 4504 944 4562; x_wconf 77' lang='lat' dir='ltr'>cur.</span> <span class='ocrx_word' id='word_1_287' title='bbox 970 4506 1000 4567; x_wconf 84' lang='lat' dir='ltr'>V,</span> <span class='ocrx_word' id='word_1_288' title='bbox 1021 4506 1039 4558; x_wconf 90' lang='lat' dir='ltr'>l.</span> <span class='ocrx_word' id='word_1_289' title='bbox 1059 4523 1081 4560; x_wconf 87' lang='lat' dir='ltr'>c.</span> 
     </span>
    </p>
   </div>
   <div class='ocr_carea' id='block_1_7' title="bbox 0 0 1552 5244">
    <p class='ocr_par' dir='ltr' id='par_1_8' title="bbox 0 0 1552 5244">
     <span class='ocr_line' id='line_1_36' title="bbox 0 0 1552 5244; baseline 0 0"><span class='ocrx_word' id='word_1_290' title='bbox 0 0 1552 5244; x_wconf 95' lang='lat' dir='ltr'> </span> 
     </span>
    </p>
   </div>
  </div>
 </body>
</html>
