3092 5244
811 457 853 523 86

799 649 847 720 42

257 785 402 860 Erherd
430 787 473 862 R.
504 813 552 860 an
568 787 695 863 Ulrioh
711 789 964 863 (lossembrot.
1001 789 1110 863 Wien
1137 790 1232 863 1462
1262 791 1356 866 febr.
1372 796 1409 866 4.

584 944 647 998 erm.
666 943 719 998 224
738 944 756 998 r.
775 941 901 999 53-5411.
937 942 1074 1014 original.

275 1066 672 1168 Philosopbisohe
707 1073 1043 1171 erubrterungen.
1089 1067 1388 1134 Nachrichten

644 1195 716 1238 aus
739 1171 1024 1239 Osterreich.

342 1311 508 1380 Fidirsime
532 1314 703 1396 pronitatis
726 1315 879 1398 obsequio
895 1313 1033 1378 ubilibet
1055 1315 1233 1398 preoblato.
1280 1314 1411 1381 Dudum

255 1426 375 1510 quippe
398 1419 509 1485 allexit
531 1441 582 1483 me
605 1418 763 1484 rhetorice
785 1419 943 1483 ubertatis
965 1418 1147 1504 prefulgida
1170 1418 1319 1498 dulcedo,
1350 1443 1412 1504 que

256 1529 345 1595 miris
367 1528 479 1611 utique
502 1523 649 1589 redimite
676 1524 882 1609 conceptibus
914 1531 946 1589 et
976 1523 1080 1588 aureis
1102 1522 1260 1607 facundijs
1283 1525 1413 1590 intenta

254 1633 398 1710 mirifice,
422 1652 484 1715 que
518 1628 692 1713 plurimum
726 1633 829 1694 vestra
859 1651 915 1714 pre
939 1631 1052 1693 ceteris
1076 1629 1193 1711 gaudet
1215 1629 1412 1709 humanitas,

255 1737 396 1808 erebrius
420 1739 456 1799 ut
477 1733 619 1812 litteras,
643 1755 739 1817 quam
762 1755 861 1818 usque
884 1735 1017 1812 decrevi,
1040 1738 1178 1798 vestram
1198 1735 1236 1799 ad
1261 1734 1410 1799 humani-

255 1847 376 1921 tatem,
412 1861 448 1904 ea
480 1837 555 1902 licet
578 1837 736 1921 indignas,
760 1838 834 1902 dare
858 1860 919 1903 non
943 1842 1177 1922 postponerem.
1225 1837 1266 1903 llt
1288 1841 1406 1905 merito

257 1969 361 2026 nunc,
395 1967 466 2010 oum
498 1941 669 2008 affectuose
699 1950 805 2007 vestra
836 1944 993 2008 industris
1022 1944 1162 2009 fraterne
1184 1946 1412 2010 ammonitioni

257 2051 527 2140 quamplurimum
562 2070 664 2131 nuper
696 2050 858 2114 novembri
892 2049 1027 2133 quadam
1059 2048 1187 2114 missivn
1216 2049 1413 2134 invigilabat

256 2162 396 2234 attenta,
429 2154 497 2239 cepi
521 2175 652 2237 nempe,
672 2141 790 2218 ‘animo
814 2160 849 2219 ut
872 2153 997 2219 sollerti
1020 2159 1142 2218 vestras
1165 2156 1204 2219 ad
1228 2177 1277 2219 me
1299 2155 1412 2219 literas

257 2259 482 2330 memoralibus
513 2258 727 2342 imprimerem
757 2261 1007 2344 monicionisque
1036 2260 1138 2325 zelum
1171 2260 1313 2324 caritatis
1346 2260 1412 2324 ler-

256 2390 331 2433 vore
354 2364 439 2430 fideli
463 2385 604 2445 saperem
627 2366 800 2448 processise
822 2371 959 2449 pectore.
1018 2365 1152 2430 Etcum
1176 2371 1245 2429 arte
1267 2387 1338 2430 mea
1360 2369 1411 2430 te-

257 2495 333 2538 nere
356 2469 426 2535 rudi
450 2469 544 2534 etiem
569 2470 780 2551 provectione,
805 2493 880 2535 aure
896 2470 980 2536 forte
996 2471 1090 2534 surda
1107 2470 1303 2556 aliquamdiu
1325 2471 1407 2535 scri·

258 2577 351 2644 bendi
374 2575 487 2640 seriem
510 2575 719 2658 prorogarins,
745 2582 850 2640 tamen
875 2577 985 2660 utique
1007 2581 1088 2640 teste
1115 2573 1319 2661 Sigismundo
1342 2597 1409 2640 non

257 2687 331 2768 post
354 2681 490 2747 multum
506 2679 661 2762 temporis
676 2679 766 2743 binas
783 2680 853 2744 dedi
871 2681 989 2759 literas,
1014 2701 1091 2765 ques
1106 2680 1145 2744 ad
1169 2685 1272 2744 vestre
1296 2680 1411 2744 huma-

257 2788 368 2854 nitatis
392 2806 502 2849 mnnus
519 2805 580 2848 non
598 2783 701 2847 sentio
718 2784 848 2863 delatas,
872 2785 960 2849 euius
977 2783 1064 2870 [que]
1089 2805 1183 2848 causa
1206 2785 1257 2864 sit,
1282 2786 1410 2868 ignoro.

258 2895 309 2958 Me
332 2899 439 2957 tamen
462 2889 741 2974 impresentiarum
758 2890 796 2954 ad
814 2890 973 2973 quaslibet
987 2894 1092 2954 vestre
1108 2889 1315 2954 humanitatis
1340 2891 1410 2973 epi·

255 2999 337 3064 stole
352 3002 459 3080 partes
475 2995 631 3059 exhibebo
647 3017 881 3079 responsurum,
907 2998 1108 3080 primumque
1124 2997 1155 3060 id
1168 2996 1241 3059 miri
1259 3000 1410 3080 tangens,

256 3104 339 3188 quod
369 3102 415 3166 ita
445 3102 567 3165 intente
597 3105 701 3166 vestra
723 3102 878 3165 amiratnr
908 3102 1068 3186 gravitas,
1102 3106 1136 3164 ut
1170 3100 1318 3164 videlicet
1340 3104 1408 3164 tam

256 3209 361 3272 lentus
384 3206 482 3270 animi
505 3211 676 3289 conceptus
699 3209 803 3270 vestre
820 3205 1035 3271 ¹humanitatis
1057 3206 1196 3290 genitori
1219 3207 1408 3291 significem,

257 3313 373 3399 quibus
397 3315 455 3376 eto.
500 3309 675 3396 Numquid,
698 3312 945 3396 prudentissime
968 3313 1027 3390 vir,
1050 3311 1191 3378 omnium
1215 3332 1297 3375 unus
1320 3315 1412 3376 retur

256 3416 430 3500 famulaudj
456 3417 576 3496 modus,
599 3419 651 3482 sed
674 3417 775 3482 ferme
798 3418 879 3482 alius
904 3418 1144 3496 blandientium,
1169 3416 1247 3480 alius
1270 3417 1410 3500 diligen·

257 3523 348 3600 tium,
372 3521 453 3587 alius
476 3522 610 3606 denique
634 3523 873 3608 perfectorum?

346 3626 402 3711 [Es
434 3626 519 3711 folgt
542 3650 606 3691 nnn
632 3629 701 3692 eine
731 3628 825 3712 lange
856 3629 919 3693 und
947 3628 1153 3711 sohwblstige
1184 3628 1412 3693 euseinander-

257 3739 393 3819 setzung
416 3733 494 3797 liber
517 3733 576 3797 den
601 3733 802 3798 unterschied
834 3734 989 3798 zwischen
1024 3732 1145 3798 wahren
1175 3734 1239 3797 und
1262 3732 1413 3814 falscher,

258 3925 346 3995 {Hane
357 3923 556 3994 GossembrotJ,
576 3925 640 3994 »qui
652 3925 737 3994 paulo
757 3862 856 3978 mere
875 3923 936 3979 vita
947 3922 1088 3978 decessit«
1117 3921 1142 3978 S.
1156 3922 1348 3980 (lossembrots
1361 3924 1415 3980 Ge·

257 4011 471 4069 schlechtsbuch
488 4028 558 4080 cgm.
580 4010 615 4066 98
633 4013 651 4068 f.
670 4014 719 4067 29:
748 4013 829 4067 »1461
851 4011 888 4066 da
907 4011 987 4066 starb
1004 4026 1034 4064 er
1053 4028 1109 4065 eun
1129 4009 1176 4064 ain
1195 4010 1266 4066 weib
1285 4010 1341 4064 vnd
1361 4011 1415 4066 leit

257 4097 289 4156 rt
301 4102 386 4156 Greoa
404 4100 434 4153 in
446 4085 610 4160 llsterreich,
631 4117 677 4154 am
689 4100 714 4156 9.
724 4101 776 4170 tog
787 4100 826 4154 im
839 4100 949 4170 eprill.‹
982 4100 1014 4153 ln
1027 4098 1091 4153 dem
1103 4097 1193 4154 brieie
1205 4098 1300 4153 durfte
1313 4104 1415 4156 anm-3

256 4190 402 4260 perspecte
421 4187 478 4242 und
498 4204 572 4243 anm.
586 4189 617 4242 11
637 4187 737 4242 inertis
754 4206 788 4242 au
808 4189 883 4244 lesen
902 4188 969 4244 sein.
1006 4187 1039 4240 ln
1059 4187 1142 4242 codex
1161 4189 1212 4242 667
1225 4187 1255 4240 2⁰
1273 4187 1416 4242 derldsrn·

258 4275 358 4330 chensr
370 4274 712 4332 rvuiversittttsbibliothelr
729 4277 807 4332 steht
825 4275 902 4331 daun
913 4277 931 4329 t'.
941 4275 990 4332 201
1003 4274 1049 4330 ein
1063 4275 1148 4330 brief:
1171 4273 1359 4330 »Peritissimo
1378 4293 1414 4331 ec

257 4361 405 4432 spectabili
416 4363 477 4418 viro
491 4361 622 4418 Udulrioo
638 4361 810 4432 Ocsmiprott
824 4363 970 4418 Udelricns
988 4351 1079 4432 omli)
1103 4380 1169 4417 suus
1186 4362 1361 4432 equivocus«,
1380 4362 1413 4418 in

255 4449 319 4504 dem
337 4449 476 4507 schreiber
494 4449 538 4504 die
557 4451 751 4519 angetrogene
768 4449 963 4506 freuudschuft
989 4448 1120 4504 daukend
1140 4448 1289 4504 annimmt.
1337 4449 1416 4504 Viel·

258 4534 344 4594 leicht
362 4536 508 4594 Riederors
519 4536 662 4594 eutwort?
696 4537 758 4608 Vgl.
777 4537 849 4594 noch
867 4539 954 4592 nntsn
974 4555 1015 4590 nr.
1034 4538 1076 4594 46.
