3092 5244
802 457 864 524 128

258 631 346 697 tibus
368 632 555 698 minabatur
581 631 700 698 frontis
722 633 892 718 rugositas,
920 634 973 698 sed
988 633 1211 699 blandiebatur
1233 632 1337 699 cordis
1359 654 1408 696 se·

258 737 395 817 renites,
428 757 504 822 erga
532 738 613 802 bene
634 742 766 822 agentes
790 737 905 804 Petrus
936 739 1112 823 apparebat
1134 738 1167 802 in
1189 737 1303 818 vultu,
1333 759 1410 823 erga

256 840 477 927 delinquentes
500 840 618 907 Paulus
642 843 674 906 in
697 844 826 927 spiritu,
849 845 922 928 plus
939 848 1047 910 tamen
1064 844 1165 909 amori
1181 865 1276 929 quam
1300 842 1410 907 timori
1536 899 1537 926 ,

256 968 276 1009 a
298 945 448 1011 subiectis
470 952 639 1030 appetens,
672 948 925 1014 misericordiam
949 948 1068 1014 iudicio
1093 968 1291 1033 preponens,
1319 952 1353 1012 et
1375 951 1412 1011 ut
1536 967 1537 982 ¹

256 1053 359 1118 multe
382 1053 549 1118 verborum
574 1053 735 1136 paucitate
757 1053 967 1133 concludam,
1000 1053 1063 1119 fuit
1085 1054 1118 1118 iu
1141 1053 1332 1120 comedendo
1355 1073 1411 1117 ur-

256 1157 378 1236 banior,
404 1158 601 1223 moderacior
624 1158 657 1222 in
681 1157 826 1240 bibendo,
851 1163 964 1243 potens
981 1159 1019 1223 ad
1034 1158 1246 1244 vigilandum,
1273 1158 1411 1242 diligens

255 1263 294 1330 ad
319 1263 484 1349 quodlibet
505 1263 684 1329 iniunctum
713 1265 939 1348 exequendum.
986 1263 1066 1329 Cum
1088 1265 1157 1345 his,
1193 1265 1249 1349 qui
1276 1264 1412 1329 merant

256 1391 377 1455 pacem,
400 1373 471 1434 erat
493 1368 643 1452 pacificus
666 1373 698 1432 et
721 1367 850 1433 illorum
867 1367 1053 1434 animalium
1073 1369 1226 1448 imitator,
1251 1389 1313 1453 que
1336 1371 1412 1431 ante

257 1482 289 1541 et
312 1479 399 1540 retro
423 1479 455 1539 et
478 1474 511 1537 in
535 1473 670 1538 circuitu
686 1471 803 1537 habere
826 1472 934 1538 oculos
950 1472 1154 1557 providentie
1174 1472 1410 1539 describuntur.

256 1580 352 1646 Cuius
374 1583 510 1645 mortem
533 1579 636 1642 clerus
658 1577 753 1657 dolet,
776 1577 970 1643 lamentatur
981 1577 1107 1662 religio,
1131 1578 1233 1662 gemit
1259 1577 1411 1662 populus,
1537 1565 1538 1602 ³

255 1685 414 1771 probitas,
445 1705 519 1768 ymo
542 1682 692 1747 nobilitas
715 1683 882 1762 anxiatur,
905 1688 938 1747 et
960 1704 1023 1748 uon
1050 1683 1254 1748 mediocriter
1277 1683 1411 1747 molesta

257 1796 305 1857 est
327 1812 384 1854 sno
407 1787 667 1853 reverendissimo
696 1788 823 1853 domino
837 1786 858 1852 ¹.
911 1787 965 1854 Set
987 1789 1092 1873 qnid?
1129 1788 1282 1868 Recessit,
1314 1811 1410 1875 quem

255 1916 401 1962 revocare
415 1894 601 1978 nequimus.
614 1941 620 1956 .
633 1889 788 1979 .[fiasrb]
802 1944 807 1956 .
821 1943 845 1958 ..
862 1893 904 1958 Et
919 1898 956 1958 ut
967 1892 1106 1959 habilior
1120 1894 1212 1959 fieret
1227 1895 1266 1960 ad
1279 1892 1411 1958 celestes

255 2001 389 2078 volatus,
411 1998 470 2062 sub
486 2019 580 2062 onere
594 1997 757 2082 prelature
776 2000 886 2064 crebro
902 2000 1064 2083 suspirans
1087 2003 1120 2064 et
1135 2020 1274 2084 gemens,
1302 1999 1409 2084 digni-

256 2112 355 2172 tatem
377 2103 526 2170 celestem
558 2102 750 2187 plusquam
774 2108 958 2170 terrestrem
981 2105 1133 2184 ambiens,
1158 2105 1191 2168 in
1214 2104 1409 2170 monasterio

257 2209 415 2294 regularis
440 2209 505 2273 vite
529 2210 647 2292 absque
671 2213 778 2272 tamen
801 2209 877 2293 iugo
902 2207 1111 2291 professionis
1133 2209 1270 2274 firmiter
1292 2228 1410 2293 propo·

257 2316 322 2380 suit
344 2315 472 2380 domino
494 2313 645 2378 famulari
678 2317 711 2377 et
734 2313 814 2376 inibi
842 2313 953 2377 mortis
982 2314 1140 2379 tributum
1169 2315 1302 2379 solvere.
1348 2312 1410 2389 Qui
1538 2329 1539 2394 l

256 2423 328 2501 scit,
352 2420 571 2484 testimonium
602 2419 725 2498 reddit,
756 2423 788 2482 et
810 2419 891 2498 scio,
916 2419 998 2502 quod
1024 2420 1092 2484 eius
1115 2419 1338 2484 testimonium
1362 2425 1410 2482 est
1538 2417 1539 2440 ³

255 2546 374 2603 verum,
398 2524 475 2608 quia
498 2545 554 2607 per
576 2523 695 2587 anseris
718 2522 874 2587 calamum
898 2522 1001 2588 fateor
1027 2546 1077 2587 me
1104 2525 1211 2607 sepius
1234 2545 1332 2608 super
1358 2545 1409 2589 so-

255 2630 363 2695 litaria
379 2629 445 2693 vita
461 2627 669 2694 stimulatum.
705 2626 764 2692 Sed
780 2628 852 2706 heu,
867 2648 928 2692 vox
946 2629 1094 2693 corvina:
1121 2650 1218 2708 acras,
1234 2651 1336 2710 cras«,
1353 2630 1410 2694 deo

256 2741 288 2799 et
311 2735 492 2799 hominibus
515 2732 662 2812 odibilis,
694 2732 796 2816 ipsum
820 2738 1035 2815 protectorem
1059 2739 1206 2800 nostrum
1230 2735 1357 2818 decepit
1379 2739 1410 2798 et

256 2846 425 2925 propterea
446 2841 550 2903 tactus
573 2837 663 2921 gravi
695 2836 876 2921 egritudine
907 2838 945 2902 de
968 2839 1133 2922 premissis
1165 2844 1197 2904 et
1228 2845 1410 2923 temporum

256 2944 467 3022 ammissione,
490 2942 645 3006 malorum
669 2942 888 3006 commissione
903 2947 936 3006 et
961 2943 1116 3007 bonorum
1131 2943 1335 3008 ommissione
1361 2943 1409 3007 iu·
1539 2965 1540 2974 ³

255 3050 378 3132 gemuit
410 3053 443 3112 et
474 3046 573 3110 talem
595 3045 806 3128 penitentiam
831 3049 975 3131 peregit,
1006 3069 1066 3130 que
1098 3047 1214 3130 procul
1239 3047 1336 3113 dubio
1360 3048 1409 3112 dei

255 3153 362 3219 oculos
386 3153 424 3217 ad
448 3173 480 3215 se
503 3150 604 3214 traxit
634 3153 665 3212 et
689 3148 847 3213 furentem
871 3151 1082 3229 senteutiam,
1109 3151 1261 3217 confessis
1284 3153 1410 3217 creber-

255 3260 334 3324 rime
356 3257 494 3342 peccatis
529 3255 614 3333 suis,
647 3255 784 3318 mutavit
805 3255 899 3340 ....[f
918 3252 994 3342 258]
1013 3308 1020 3321 .
1036 3307 1063 3323 ..
1082 3255 1211 3340 Septem
1244 3256 1295 3322 vel
1319 3258 1410 3341 quasi

257 3364 345 3428 horis
368 3368 442 3427 ante
467 3365 599 3425 mortem
625 3359 821 3442 preceptoris
844 3360 950 3439 didici,
975 3361 1050 3444 quia
1067 3362 1168 3426 eciam
1184 3361 1284 3427 michi
1308 3362 1412 3426 fidelis

255 3471 415 3551 interpres
438 3466 546 3546 animi,
569 3465 691 3543 iacies,
714 3464 774 3528 hoc
796 3465 1004 3545 nuncciabat,
1027 3467 1112 3550 qnod
1134 3468 1216 3532 idem
1240 3472 1411 3552 preceptor

255 3577 364 3638 noster
387 3570 540 3636 desiderio
573 3569 787 3647 desiderabat,
819 3568 1001 3633 carnalibus
1034 3570 1135 3634 oeulis
1164 3592 1294 3636 eernere
1317 3593 1410 3636 suum

255 3677 420 3742 dominum
444 3674 739 3740 reverendissimum
757 3673 778 3750 ¹,
803 3694 865 3758 quo
889 3673 1054 3739 intellecto
1070 3676 1150 3740 clam
1168 3681 1201 3741 et
1225 3676 1317 3760 quasi
1341 3676 1410 3740 lur-

256 3783 329 3847 tivis
364 3781 523 3866 gressibus
558 3780 644 3844 adire
682 3778 814 3842 eundem
853 3779 1147 3845 reverendissimum
1181 3802 1243 3846 uon
1284 3782 1410 3860 erubui,

256 3889 354 3953 eidem
378 3888 437 3950 hoc
460 3884 681 3969 significando,
705 3885 761 3968 qui
785 3884 886 3948 multo
910 3889 1051 3967 tempore
1068 3885 1169 3950 eciam
1194 3886 1347 3969 cupiebat
1371 3887 1409 3951 ad

256 3993 416 4056 infirmum
439 4010 565 4074 gressus
587 3988 735 4072 dirigere.
784 3987 842 4052 Sed
867 3989 1011 4070 corporis
1036 4010 1073 4053 ac
1096 3989 1213 4072 pedum
1237 3990 1411 4056 infirmitas

255 4096 450 4180 aliquamdiu
484 4093 649 4178 prestabat
683 4093 953 4175 impedimentum.
1025 4092 1105 4175 lpsis
1135 4095 1411 4174 convenientibus,

256 4201 329 4284 quid
353 4200 492 4265 accidit?
529 4198 652 4262 Dilecta
676 4195 809 4280 Thomu,
826 4197 901 4280 qnia
925 4200 961 4260 tu
985 4218 1046 4261 non
1072 4219 1142 4261 eras
1166 4219 1296 4281 presens
1320 4201 1411 4264 iuxta

256 4303 334 4369 illud
358 4304 515 4369 Johannis
539 4301 691 4387 apostoli:
736 4299 891 4365 »Thomas
915 4322 977 4364 non
1001 4306 1070 4365 erat
1093 4323 1164 4367 curn
1190 4303 1255 4381 eis,
1282 4307 1411 4389 quando

821 4451 838 4490 a

327 4531 339 4584 l
360 4528 473 4586 Eischul
489 4529 570 4582 Peter
591 4545 617 4583 v.
636 4525 837 4594 Schaumburg.
