3106 5246
700 467 760 535 191

151 661 249 726 penso
273 645 380 708 tentus
403 644 435 707 in
460 645 597 727 petriam
621 645 726 727 redijt.
758 645 916 711 Hesterno
932 647 1024 712 modo
1040 647 1163 731 vesperi
1181 670 1199 712 a
1217 648 1305 712 vobis

149 750 181 808 et
205 747 361 830 magistro
386 745 584 832 Freucfieco]
608 754 712 814 certes
735 751 858 834 accepit
882 750 1010 830 literas,
1034 752 1067 815 in
1092 753 1207 836 quibus
1230 774 1303 818 con·

148 849 269 916 enltnnr
293 851 382 916 vobis
405 852 541 931 videtur,
566 859 603 919 nt
626 855 682 919 abs
704 876 793 919 mora
817 853 1029 940 Nordlingam
1046 862 1135 941 petet
1157 863 1190 922 et
1212 880 1303 941 prec-

148 955 276 1019 ticando
309 957 427 1020 ibidem
459 978 492 1021 se
523 964 665 1024 exerceat
694 963 728 1024 et
758 981 881 1024 moram
904 960 1101 1044 aliquamdiu
1129 962 1174 1026 ibi
1197 962 1301 1029 faciat.

149 1057 268 1125 Forsan
292 1060 324 1144 ij.
348 1061 403 1145 qui
426 1061 557 1126 minime
579 1068 743 1147 acceptare
766 1064 925 1148 phisicum
948 1065 1151 1148 pretendunt,
1188 1066 1303 1130 immu-

148 1165 207 1229 teti
232 1165 424 1248 resipiscunt
447 1169 635 1251 quantocius
658 1173 690 1233 et
713 1170 911 1253 propositum
934 1170 967 1234 in
990 1169 1102 1234 melius
1124 1171 1303 1236 mutabunt.

236 1269 320 1334 Dum
352 1270 516 1336 fautorum
549 1278 580 1337 et
613 1274 789 1338 amicorum
813 1295 954 1338 meorum
982 1273 1186 1358 consulti(u)s
1209 1294 1304 1357 egere

149 1373 230 1438 hanc
252 1397 319 1440 rem
342 1376 477 1455 vellem,
512 1376 581 1442 fieri
605 1377 837 1455 mundetur,
868 1381 904 1442 nt
926 1378 965 1442 ed
989 1378 1094 1444 locum
1116 1379 1223 1458 istum,
1249 1379 1303 1443 ubi

148 1501 249 1562 peuce
271 1483 413 1564 practica
436 1487 505 1562 est,
537 1481 609 1565 eiijs
632 1482 731 1548 eciam
754 1483 970 1567 respectibus,
1004 1485 1065 1548 uisi
1088 1484 1204 1549 salerio
1226 1506 1301 1550 con·

148 1585 248 1670 digno
272 1586 392 1666 habito,
415 1608 449 1651 se
473 1587 552 1651 inibi
568 1587 645 1652 dare
664 1587 834 1654 voluerunt
848 1589 868 1655 ¹.
918 1587 1003 1654 Nam
1019 1588 1095 1654 licet
1118 1595 1197 1672 aput
1220 1591 1302 1655 cives

149 1688 330 1776 Nordlinge
353 1713 468 1775 perum
491 1693 669 1758 innotescet
691 1693 729 1758 de
745 1694 838 1776 auid)
862 1693 957 1773 fame,
981 1695 1128 1774 scientia,
1152 1696 1302 1775 moribus,

148 1795 306 1878 practica,
329 1796 466 1882 denique
489 1803 568 1882 eput
590 1798 698 1881 plures
721 1797 859 1863 famatus
881 1820 945 1864 uon
974 1820 1098 1882 parum.
1139 1798 1173 1864 si
1196 1801 1302 1866 inten-

148 1901 249 1965 cionis
276 1900 382 1968 forent
413 1925 573 1970 assumere
596 1904 773 1987 phisicnm,
807 1904 885 1969 haut
907 1905 1000 1970 credo
1023 1905 1127 1987 ipsum
1153 1925 1303 1986 responso

148 2008 212 2069 tam
236 2007 312 2072 exili
335 2008 368 2072 in
392 2010 529 2092 petriam
552 2009 757 2074 remisissent.

621 2223 830 2232 ——-——-————

693 2388 755 2461 89.

147 2503 342 2580 Hermann
371 2508 527 2584 Schedel
555 2534 604 2584 an
630 2512 739 2585 einen
765 2511 1044 2584 unbekannten.
1099 2511 1301 2606 Nurnberg

588 2636 683 2707 1471
715 2635 824 2730 april]
841 2627 864 2706 ¹.

431 2789 496 2845 clm.
513 2788 565 2842 224
582 2787 603 2845 f.
621 2787 674 2842 228
692 2787 804 2857 eiulege
821 2786 852 2840 in
872 2803 960 2843 verso.

430 2911 1021 2980 Politisehenaohriohten.

234 3057 378 3122 Salutem
394 3053 645 3139 felicitatemque
661 3053 828 3136 utriusque
845 3052 981 3118 hominis
997 3057 1097 3136 optat.
1142 3053 1300 3118 Hesterno

146 3163 279 3248 vesperi,
303 3164 525 3247 preceptorum
550 3163 582 3222 et
605 3159 779 3224 amicorum
802 3158 1042 3236 colendissimo,
1073 3160 1223 3224 iocundas
1245 3183 1299 3226 ve-

145 3276 229 3334 stras
253 3265 377 3348 suscepi
400 3264 510 3328 literas
528 3313 764 3330 ..........

235 3373 283 3438 De
304 3373 443 3436 adventu
476 3370 677 3451 imperatoris
699 3370 800 3433 nostri
823 3369 861 3432 ed
893 3369 1012 3433 dietam
1036 3368 1298 3452 Ratisponenaem

146 3485 183 3544 nt
205 3484 326 3544 certum
350 3477 383 3540 in
406 3497 443 3539 ea
466 3497 499 3539 re
514 3495 570 3539 vos
584 3472 710 3552 faciam,
733 3473 895 3551 noveritis,
912 3475 1055 3538 dominos
1073 3495 1158 3538 meos
1180 3497 1198 3538 a
1222 3476 1299 3538 fide-

146 3584 253 3669 dignis
276 3581 397 3665 scripta
419 3580 578 3658 babuisse,
603 3579 633 3643 d.
651 3601 680 3642 n.
698 3579 921 3661 imperatorem
934 3579 1035 3642 altera
1058 3579 1108 3642 die
1124 3601 1216 3663 pasce
1238 3581 1298 3643 sci·

146 3689 222 3753 licet
243 3688 293 3752 die
316 3687 391 3751 lune
417 3685 514 3770 [april
540 3681 592 3770 15]
617 3683 699 3750 velle
721 3683 863 3766 arripere
886 3683 948 3748 iter
971 3679 1107 3748 aGrdoa
1131 3685 1163 3747 in
1183 3683 1298 3749 Newe-

151 3798 216 3858 stat
240 3796 271 3856 et
295 3792 410 3856 ibidem
435 3812 498 3856 non
522 3789 659 3872 emplius
683 3812 778 3874 quam
800 3810 920 3853 moram
944 3789 1039 3854 unius
1061 3790 1123 3853 diei
1147 3812 1299 3874 peragere

144 3903 176 3964 et
191 3899 248 3963 abs
264 3919 353 3962 mora
368 3896 532 3962 Pataviam
547 3917 666 3975 versus,
683 3895 811 3974 ibidem,
830 3898 867 3958 ut
881 3894 971 3960 fama
981 3894 1079 3974 volat,
1095 3916 1153 3978 per
1175 3895 1299 3981 aliquot

145 4005 210 4069 dies
242 4025 362 4069 morem
386 4000 491 4067 facere
523 4005 556 4065 et
583 4005 695 4083 posteo
718 4000 925 4083 Ratispouarn
956 4005 1072 4083 petere.
1130 4000 1298 4084 Arripient

217 4196 229 4248 l
251 4193 300 4248 Dis
318 4189 509 4247 construction
526 4190 565 4244 ist
583 4190 684 4246 wieder
699 4128 895 4259 adgenerari.
949 4191 965 4244 2
982 4189 1124 4259 Datirnng
1143 4189 1215 4244 nach
1234 4190 1296 4244 dem

145 4281 248 4345 inhnlt‚
266 4297 300 4334 au
319 4278 453 4334 welcbem
472 4296 505 4332 an
519 4278 696 4347 vergleichen
709 4277 734 4332 J.
749 4277 962 4346 Reieaermayer‚
983 4277 1036 4332 Der
1049 4294 1144 4347 grosse
1154 4275 1298 4332 Ohriaten·

145 4371 197 4438 teg
215 4385 248 4422 an
269 4367 461 4436 Regensburg.
497 4364 539 4419 Ob
557 4365 606 4419 der
625 4365 754 4419 edresret
773 4366 844 4419 auch
864 4364 923 4420 hier
939 4365 1070 4420 Valentio
1091 4366 1162 4420 Eber
1181 4365 1226 4430 ist,
1246 4365 1297 4420 wie

145 4455 189 4510 bei
208 4455 263 4510 den
282 4453 415 4509 freheren
434 4452 602 4524 politischen
617 4451 768 4514 berichten,
789 4451 827 4506 iet
840 4451 971 4521 fraglich,
990 4453 1029 4507 da
1040 4469 1107 4508 man
1119 4453 1194 4508 dieee
1212 4453 1297 4522 dirige

146 4543 175 4596 in
196 4542 347 4610 Augsburg
367 4540 438 4596 doch
456 4541 619 4596 schwerlich
638 4542 697 4594 eret
716 4557 766 4593 aus
785 4541 938 4610 Ndrnberg
955 4542 1058 4596 erfuhr.
1082 4596 1085 4608 Δ
