3106 5246
684 438 746 504 163

137 612 227 696 Aput
250 635 301 678 me
325 611 463 677 multum
488 613 615 698 quidem
644 613 820 698 optabilius
843 618 891 678 est
913 614 1014 678 solum
1038 613 1170 694 salvari,
1194 637 1289 699 quam

135 719 241 803 perire
274 739 344 782 cum
376 717 495 784 multis.
560 717 693 782 Constat
721 723 846 796 autem,
879 738 1041 802 nunquam
1079 719 1193 784 melius
1224 740 1290 784 esse

133 825 241 890 anime
271 845 365 908 quam
401 823 476 888 dum
510 823 627 888 amotis
662 822 833 888 obstaculis
865 822 994 906 viteque
1020 824 1224 908 compedibus
1255 825 1288 890 in

135 931 228 995 deum
251 931 350 1012 atque
374 928 406 993 in
429 949 463 992 se
491 928 593 994 libera
611 933 643 995 et
658 928 806 1014 expedita
834 928 1041 1008 convertitur,
1064 929 1224 994 enimvero
1248 931 1290 1006 id,

136 1036 211 1100 dum
235 1053 344 1098 sumus
367 1033 401 1097 in
424 1033 533 1112 terris,
558 1055 714 1118 nusquam
738 1033 852 1098 melius
867 1055 962 1119 quam
984 1033 1017 1098 in
1033 1033 1205 1099 solitudine
1220 1034 1291 1098 fieri

134 1161 236 1225 posse.
282 1136 367 1203 Illud
391 1159 519 1223 quoque
539 1136 740 1203 Platonicum
757 1139 798 1202 ab
814 1137 997 1223 Augustino
1012 1138 1148 1202 relatum
1165 1143 1197 1204 et
1219 1137 1289 1224 lau·

136 1246 247 1311 datum
272 1243 434 1309 notissime
456 1263 566 1307 verum
590 1246 648 1309 est.
684 1241 775 1308 »Non
797 1244 958 1327 corporeis
980 1243 1111 1324 oculis«,
1134 1248 1171 1309 ut
1193 1245 1290 1310 verba

135 1354 205 1436 ipsa
227 1350 326 1415 eciam
349 1369 476 1433 ponem,
505 1349 576 1413 »sed
594 1371 677 1433 pura
692 1353 799 1414 mente
821 1349 988 1416 veritatem
1011 1349 1121 1429 videri,
1144 1349 1195 1414 cui
1217 1371 1289 1415 cum

135 1459 243 1556 anima
266 1454 431 1533 inheserit,
456 1455 581 1519 beatam
609 1454 683 1520 fieri
709 1459 806 1540 atque
829 1453 1014 1539 perfectam,
1036 1456 1073 1520 ad
1098 1475 1193 1541 quam
1216 1476 1289 1539 per·

135 1671 247 1749 dham,
270 1689 332 1752 que
355 1665 518 1730 sentencia
540 1687 559 1730 a
580 1664 733 1750 Virgilio,
756 1688 850 1750 quern
866 1670 902 1730 tu
916 1667 1040 1750 spernis
1056 1671 1093 1730 ut
1108 1665 1291 1750 vespertilio

136 1773 288 1860 aquilam,
312 1791 421 1856 symea
443 1770 577 1850 leonem,
606 1770 843 1854 elegantissime
857 1771 917 1835 sub
939 1770 1112 1855 allegorica
1134 1772 1218 1837 nube
1240 1793 1290 1836 re·

136 1879 307 1956 conditur,
338 1897 433 1961 quem
465 1874 568 1940 locum
605 1880 770 1959 pretereo,
800 1898 840 1940 ue
868 1875 1061 1942 cerebellum
1090 1881 1183 1942 tuum
1208 1876 1291 1941 mole

136 2005 244 2052 rerum
267 1983 447 2066 opprimam
461 1979 483 2046 ¹.

225 2088 268 2152 Et
290 2108 330 2151 ne
353 2085 475 2152 diucius
490 2085 622 2150 auribus
646 2085 710 2149 tuis
726 2090 935 2169 perstrepam‚
958 2085 1023 2152 iam
1036 2086 1132 2152 finem
1155 2086 1292 2171 epistule

137 2197 314 2278 imponam,
336 2193 370 2256 in
395 2212 458 2274 qua
473 2189 510 2274 [f.
527 2189 604 2274 282]
628 2190 732 2276 siquid
755 2191 949 2275 superfluum
972 2191 1099 2276 legeris,
1121 2192 1154 2257 id
1177 2191 1292 2258 eximia

137 2299 230 2386 quasi
257 2299 374 2364 amoris
398 2296 621 2362 habundancia
649 2297 769 2362 dictum
792 2301 879 2381 pute.
925 2295 1001 2362 Non
1016 2319 1104 2362 secus
1127 2298 1210 2363 enirn
1234 2297 1292 2362 hec

136 2407 174 2472 ad
199 2413 232 2472 te
265 2403 410 2480 exaravi,
444 2423 539 2486 quam
572 2401 599 2468 si
630 2407 734 2468 tecum
767 2423 874 2468 coram
901 2423 1078 2468 sermonem
1101 2401 1290 2467 habuissem.

136 2511 251 2596 ltaque
281 2509 342 2575 hoc
370 2508 426 2572 abs
453 2512 485 2572 te
519 2513 685 2572 exoratum
707 2509 820 2588 velim,
863 2509 913 2571 vir
935 2507 1176 2585 humanissime,
1204 2512 1240 2572 ut
1263 2507 1291 2570 si

136 2615 287 2702 quicquid
312 2615 446 2679 fortasse
466 2611 608 2689 liberius,
640 2635 735 2697 quam
765 2612 907 2690 debeam,
930 2613 1045 2678 dixisse
1068 2612 1130 2676 tibi
1152 2611 1290 2688 videbor,

15 2755 16 2802 3
135 2743 195 2806 pro
218 2719 419 2786 humanitate
448 2722 545 2801 atque
567 2716 739 2782 clemencia
763 2722 820 2783 tua
842 2717 922 2782 mihi
946 2718 1091 2800 ignoscas
1123 2719 1220 2801 atque
1242 2715 1290 2780 id·

15 2805 17 2898 l
135 2829 253 2912 ipsum,
276 2829 313 2890 ut
335 2845 395 2907 par
418 2826 476 2900 est,
502 2823 616 2888 bonam
639 2823 672 2886 in
696 2827 820 2907 partem
849 2822 985 2906 accipias
1007 2842 1073 2888 oro.
1120 2819 1291 2903 Reliquum

15 2919 16 3000 }
135 2955 209 2998 vero
233 2932 277 2996 sit
291 2929 316 3009 ¹,
338 2934 375 2994 ut
391 2928 447 3012 qui
459 2935 573 2992 cuncta
596 2929 778 2994 moderatur
801 2932 833 2991 et
857 2928 952 3011 regit,
977 2929 1089 2994 devote
1103 2931 1200 3012 utque
1215 2947 1290 3008 sup·

15 3055 16 3058 ’
135 3038 265 3122 pliciter
288 3055 408 3119 rogem,
432 3038 464 3098 et
479 3033 640 3118 deprecor,
664 3039 701 3100 ut
723 3035 805 3100 votis
832 3035 897 3098 tuis
919 3034 1026 3098 fuvere
1048 3055 1095 3112 ac,
1119 3032 1290 3118 quodcum·

15 3161 17 3170 ‘
136 3167 197 3230 que
219 3149 348 3207 acturus
371 3141 423 3219 sis,
447 3139 479 3203 id
503 3140 563 3203 tihi
587 3163 624 3204 ex
647 3142 808 3206 sentencia
830 3139 1001 3204 secundare
1016 3139 1177 3222 dignetur.
1212 3134 1292 3201 Vale

135 3248 273 3316 feliciter
290 3268 410 3331 meque,
435 3244 518 3329 quod
535 3244 623 3325 facis,
643 3268 724 3324 ama,
755 3253 852 3312 reum.
876 3245 962 3330 patri
979 3249 1010 3310 et
1033 3243 1161 3309 domino
1177 3243 1205 3307 d.
1223 3264 1291 3306 aar·

137 3353 237 3420 dinali
262 3358 320 3418 etc.
358 3373 408 3414 me
441 3351 731 3416 recommendatum
770 3351 868 3418 facito
899 3349 1079 3415 humillime
1110 3370 1198 3434 rogo.
1245 3347 1292 3412 Ex

137 3463 287 3544 Augusta
321 3461 354 3522 in
391 3457 530 3521 crastino
561 3457 789 3540 assumpoiouis
820 3456 955 3540 virginis
987 3456 1178 3520 intemerate
1208 3474 1292 3517 auuo

135 3565 258 3632 domiui
284 3562 378 3627 1466.

703 3686 720 3725 ‘l‘

208 3793 222 3847 1
241 3789 296 3846 Dcr
315 3805 404 3860 ganne
422 3785 566 3844 absehnitt
591 3787 629 3842 ist
647 3787 842 3857 grdsstenteils
867 3785 995 3840 wortlich
1019 3785 1155 3856 [entlchnt
1174 3800 1223 3837 aus
1242 3782 1291 3836 Pe·

135 3884 245 3938 trareas
267 3882 291 3934 4.
310 3874 455 3932 invektive
467 3873 496 3928 in
508 3889 651 3944 procacem
672 3875 809 3936 medicum
830 3874 910 3946 [Opp.
925 3871 1081 3944 1225-271.
1135 3871 1151 3926 2
1170 3868 1232 3925 cod.
1245 3869 1291 3924 sic.
