3106 5252
721 491 740 556 7

150 674 266 758 quibus
290 692 471 757 responsum
497 691 514 730 a
539 690 587 730 nie
619 689 743 750 semper
775 672 811 731 ut
841 689 934 750 spero
965 673 1150 752 susceptum
1183 675 1214 734 te
1237 669 1306 735 fore

151 780 253 844 credo
306 778 418 844 Sencio
448 780 555 838 tamen
578 779 611 837 te
645 774 718 856 plus
751 773 784 837 iu
816 773 894 836 mihi
925 774 1093 839 scribendo
1117 776 1305 853 tardiorem,

150 907 244 968 quem
267 885 441 948 credebam.
482 878 604 942 Vellem
630 877 750 962 utique,
775 884 810 942 ut
826 878 931 960 sepius
953 900 1081 943 manum
1105 882 1226 944 calamo
1243 903 1300 963 ap·

149 988 284 1071 plicares
307 993 339 1052 et
361 986 480 1069 scripta
503 985 559 1047 tua
581 983 723 1047 crebrius
748 988 826 1066 aput
843 1005 893 1046 me
908 989 1137 1067 comparerent,
1160 985 1188 1048 si
1211 985 1297 1049 enim

148 1098 180 1157 te
203 1094 247 1157 sic
270 1089 504 1166 exercitaveris,
529 1086 693 1151 abiliorem
721 1093 752 1151 et
779 1087 1010 1171 promptiorem
1035 1088 1151 1154 adalia
1172 1093 1206 1154 te
1229 1091 1299 1154 red·

147 1197 209 1262 des.
257 1197 378 1262 Hortor
400 1196 509 1271 eciam,
533 1197 570 1256 ut
593 1213 736 1257 sermone
763 1193 863 1257 latino
893 1191 1079 1277 frequenter
1102 1194 1135 1257 in
1158 1194 1296 1278 singulis

147 1303 213 1367 tuis
229 1299 523 1367 conversaciouibus
539 1297 587 1361 uti
604 1297 690 1362 velis.
739 1297 833 1364 Mitto
858 1297 919 1362 tibi
936 1319 1007 1362 cum
1027 1299 1168 1381 presenti
1183 1299 1295 1378 latore,

147 1407 203 1492 qui
216 1407 284 1494 tui,
310 1412 346 1470 ut
369 1405 476 1480 refert,
499 1400 650 1466 noticiam
668 1401 784 1466 bonam
806 1401 903 1465 habet
918 1407 950 1465 et
966 1408 998 1466 te
1021 1405 1197 1470 studiosum
1221 1405 1298 1469 satis

146 1513 307 1596 predicat,
342 1514 522 1574 sexternum
557 1529 654 1570 unum
685 1507 901 1571 continentem
931 1509 1096 1574 materiam
1119 1512 1296 1576 arcentium

145 1617 234 1682 iuxta
257 1616 462 1681 tradicionem
481 1611 676 1676 Alexandri¹
698 1613 730 1676 in
750 1611 848 1676 tercia
866 1612 915 1675 sui
931 1618 1032 1696 parte,
1058 1615 1105 1678 uti
1122 1615 1300 1680 luculenter

145 1723 329 1806 conspicies,
354 1743 447 1806 quem
472 1718 518 1782 tui
542 1715 709 1802 amore(m)
733 1718 872 1781 scribere
895 1716 964 1795 feci,
989 1739 1083 1801 quem
1107 1724 1139 1782 et
1161 1724 1295 1804 propter

147 1828 336 1892 brevitatem
359 1823 513 1907 temporis
541 1822 613 1906 alijs
643 1822 827 1906 prepeditus
862 1823 1023 1907 corrigere
1046 1825 1185 1908 nequivi.
1232 1823 1299 1890 No-

149 1931 233 1995 viter
258 1931 390 1994 materia
414 1927 470 1992 illa
501 1927 636 1992 collecta
657 1934 724 2006 est,
758 1950 850 2012 spero
881 1929 940 1994 tibi
971 1930 1038 1994 fore
1060 1929 1235 1995 ultilimam
1253 1933 1300 2015 (Ξ).

150 2035 250 2102 Credo
280 2038 319 2101 ad
351 2033 571 2120 corrigendum
601 2034 663 2097 erit
686 2032 839 2098 facillima
870 2056 928 2118 per
950 2032 1172 2118 superiorem²
1196 2040 1298 2104 tuum.

146 2141 238 2227 Rogo
262 2165 312 2206 me
335 2140 502 2206 cerciorari
526 2140 656 2222 scriptis
680 2139 879 2224 quantocius,
903 2162 964 2224 que
980 2146 1146 2224 expectare
1169 2141 1300 2206 cottidie
1325 2179 1332 2191 ·

145 2246 277 2311 habebo.
326 2243 437 2310 Frater
455 2250 528 2308 tuus
544 2241 584 2309 N.
599 2242 611 2279 ⁸
637 2243 740 2308 adhuc
756 2241 907 2331 L[ipczk]
921 2245 933 2279 ⁴
956 2250 1102 2330 vagatur,
1126 2245 1224 2310 nullis
1240 2246 1297 2311 ho-

144 2351 242 2415 nestis
266 2352 357 2414 rebus
379 2350 513 2414 deditus.
560 2347 715 2434 lnstigcvi
740 2349 847 2432 sepius
877 2352 1014 2415 amicum
1038 2349 1227 2428 nostrum⁶,
1263 2357 1299 2416 ut

144 2457 248 2540 ipsum
274 2455 425 2519 Venecias
459 2475 566 2518 versus
601 2455 763 2534 mitteret,
794 2456 850 2538 qui
883 2459 1014 2538 propter
1046 2462 1166 2521 metum
1200 2457 1299 2539 pestis

144 2561 258 2626 ibidem
283 2561 411 2644 vigente
427 2559 473 2642 (l),
499 2581 691 2644 quamquam
714 2565 751 2623 ut
774 2560 866 2623 audio
889 2561 965 2624 satis
989 2561 1081 2637 mite,
1105 2563 1210 2644 ipsum
1233 2563 1294 2625 mi-

147 2667 232 2732 nime
256 2667 383 2732 mittere
407 2665 579 2749 pretendit,
604 2670 765 2729 ettamen
790 2666 910 2748 pluries
933 2663 1142 2752 aL[ipczlr]⁶
1167 2667 1295 2732 iuvenes

146 2777 178 2836 et
200 2771 302 2836 adulti
325 2772 371 2836 ibi
394 2772 523 2835 vadunt.
580 2769 669 2833 Facit
692 2770 777 2833 enim
802 2792 887 2834 more
909 2778 991 2834 suo.'
1021 2769 1144 2834 Vellem
1168 2772 1292 2856 utique,

143 2883 180 2942 ut
202 2877 330 2960 singula
361 2878 393 2939 in
429 2877 546 2940 bonum
580 2875 832 2959 disponerentur.
880 2873 918 2938 ln
943 2873 1070 2940 Christo
1104 2880 1136 2940 te
1159 2876 1297 2960 feliciter

141 2983 246 3048 valere
268 2983 371 3065 cupio,
417 2981 632 3046 Salutaciones
648 3003 732 3044 meas
748 2980 918 3046 affectuose
934 2980 1086 3065 magistro
1109 2979 1150 3046 N.
1177 2987 1208 3046 et
1224 2982 1297 3065 alijs

145 3088 224 3152 mihi
247 3089 332 3152 notis
348 3086 472 3165 offeras,
496 3085 704 3170 singulariter
720 3089 874 3172 magistro
888 3086 924 3152 G.
972 3085 1018 3150 Ex
1037 3085 1215 3172 A[ugusta]
1233 3095 1293 3154 etc.

140 3194 243 3276 prima
265 3193 314 3257 die
337 3197 411 3257 ante
431 3191 548 3256 festum
569 3192 670 3255 sancti
696 3191 783 3255 Petri
806 3192 846 3255 ad
870 3189 1008 3257 vincula.

234 3297 330 3361 [rator
364 3296 517 3379 presentis
549 3301 597 3360 est
613 3346 619 3359 .
637 3345 670 3361 ..
692 3295 859 3361 Pollicitus
893 3303 941 3361 est
974 3297 1077 3361 adhuc
1109 3299 1201 3362 hodie
1234 3300 1295 3364 iter

143 3425 250 3468 versus
267 3397 547 3488 Nurlembergam]
564 3401 714 3484 arripere.
749 3401 856 3465 Faciet
881 3402 998 3479 forsan,
1022 3403 1083 3465 nisi
1107 3404 1290 3485 prepeditus

144 3509 218 3573 vino
240 3508 346 3571 fucrit.
390 3505 529 3581 Gaudet,
554 3511 589 3569 ut
613 3506 707 3583 nosti,
733 3527 885 3570 evacuare
909 3507 1058 3571 fecundos
1082 3507 1203 3574 calices.

140 3775 336 3844 l'orschungen
355 3772 401 3836 XI,
421 3773 480 3828 358.
519 3775 612 3844 Vergl.
633 3718 728 3843 Voigti:
746 3775 1000 3844 Wiederbelebung
1024 3775 1071 3831 des
1098 3776 1176 3832 class.
1197 3777 1290 3831 Alter·

141 3864 250 3918 thums²
268 3862 303 3925 ll,
322 3862 395 3916 309¹.

211 3953 225 4005 1
248 3950 405 4006 Alexander
423 3951 456 4004 de
476 3950 546 4004 villa
565 3950 617 4013 dci,
632 3951 802 4006 Doctrinalc.
874 3953 889 4004 2
910 3952 992 4007 Wohl
1013 3953 1062 4007 der
1081 3954 1224 4009 vorsteher
1243 3954 1293 4010 der

140 4041 229 4095 burae.
337 4025 513 4092 3Jchannes
532 4055 551 4090 s.
571 4037 761 4092 Wattenbach
779 4039 797 4091 l.
819 4057 840 4093 c.
860 4040 920 4095 352.
1010 4041 1125 4094 4th
1144 4058 1185 4094 nr.
1206 4042 1229 4095 8.
1260 4044 1292 4098 17

138 4129 195 4182 und
225 4127 289 4181 dem
316 4126 556 4193 zusammenhcng
588 4125 625 4178 ist
653 4125 863 4196 Nurembergac
888 4146 921 4180 au
948 4130 1048 4183 setren.
1086 4127 1155 4181 Dass
1181 4129 1226 4185 dic
1245 4131 1292 4185 ab·

138 4211 409 4284 ktirzungs·chitfern
435 4212 478 4266 bei
507 4212 665 4266 Hartmann
694 4212 863 4266 willksrrlich
882 4213 958 4276 sind,
988 4213 1063 4282 zeigt
1088 4215 1176 4269 untcn
1195 4233 1238 4272 nr.
1257 4219 1290 4271 31

140 4320 214 4358 anm.
234 4305 258 4356 6.
314 4306 328 4354 5
350 4301 424 4356 Doch
437 4302 509 4356 wohl
529 4301 578 4357 dcr
596 4319 638 4356 nr.
661 4303 677 4355 8
695 4305 837 4370 genannte
850 4303 969 4371 patruus
982 4302 1098 4355 Marcus.
1136 4301 1166 4355 ln
1186 4304 1291 4358 scinem

139 4389 344 4445 hauslralender
369 4389 442 4459 [clm.
469 4389 530 4459 533]
561 4389 640 4458 gicht
666 4389 825 4442 Hartmann
852 4389 903 4444 das
932 4387 1111 4444 tcdesdatum
1146 4390 1290 4446 desselben

138 4477 427 4546 auliculorum:
466 4476 559 4530 »Obiit
578 4479 606 4530 et
624 4479 741 4546 patruus
771 4493 847 4530 meus
881 4477 989 4532 Marcus
1014 4477 1044 4530 in
1063 4477 1107 4531 die
1137 4495 1157 4531 s.
1178 4477 1290 4532 Sebaldi

139 4565 215 4638 [aug.
237 4565 288 4633 19[,
307 4564 432 4635 sepultus
451 4564 479 4620 in
498 4564 634 4620 cimiterio
653 4582 672 4617 s.
693 4562 828 4618 sebaldi«
903 4567 919 4617 6
940 4563 1000 4620 Wie
1020 4566 1099 4621 oben.
