3092 5244
773 486 835 552 102

229 663 302 744 fuit,
326 665 417 728 tanta
438 661 603 746 voluptate
631 661 762 727 affectus
786 686 874 742 sum,
904 666 1023 748 quanta
1046 668 1131 727 certe
1155 683 1280 727 summa
1302 682 1377 745 erga

229 772 262 832 te
285 770 318 831 et
338 766 416 831 fides
440 766 698 832 etbenivolentia
722 790 792 832 mea
807 767 920 833 afferre
935 768 1051 852 potuit.
1099 765 1233 834 Georius
1256 767 1376 852 itaque,

230 875 405 937 scortorum
421 876 575 954 patronus
590 873 742 957 optimus,
765 894 916 939 unacum
935 872 1116 938 Alexandro
1139 872 1380 956 concapitulari,

231 978 285 1062 qui
308 981 385 1040 tunc
408 976 552 1060 Auguste
575 981 654 1056 erat,
679 980 783 1043 scorta
808 982 880 1042 tum
905 976 1000 1061 plura
1023 977 1181 1055 convenit,
1206 999 1268 1062 que
1292 978 1381 1042 avide

230 1086 284 1146 tue
299 1081 606 1164 congratulabantur
629 1082 790 1168 dignitati,
814 1082 1027 1168 fecissentque
1043 1082 1104 1148 boc
1119 1082 1202 1147 idem
1219 1081 1322 1147 multo
1338 1082 1378 1146 li·

232 1185 368 1264 bentius,
391 1186 419 1249 si
441 1189 475 1249 te
497 1191 643 1270 presente
666 1187 844 1272 tripudium
866 1188 979 1272 ingens
1002 1188 1078 1273 ipsis
1103 1189 1205 1253 facere
1228 1187 1380 1252 licuisset.

232 1289 342 1375 Spero,
365 1290 503 1356 multum
536 1292 705 1358 addidisses
735 1293 861 1358 veteri¹
895 1294 995 1358 amori
1026 1298 1082 1358 tuo
1106 1291 1165 1376 (et)
1195 1313 1253 1356 nec
1275 1292 1382 1358 minus

232 1397 363 1481 antique
387 1398 503 1482 gracie,
526 1399 553 1462 si
577 1420 615 1463 ex
640 1399 711 1484 ipso
735 1398 838 1478 vultu,
861 1399 888 1462 si
905 1421 943 1464 ex
958 1420 1033 1463 voce
1049 1403 1081 1462 et
1097 1421 1134 1462 ex
1149 1398 1228 1481 ipsis
1243 1398 1381 1482 denique

232 1502 332 1567 oculis
362 1524 469 1566 eorum
503 1501 591 1567 inte
617 1503 758 1569 animum
792 1504 881 1568 etin
913 1524 1021 1568 omnes
1046 1504 1191 1567 fortunas
1214 1508 1285 1566 tuas
1308 1523 1381 1584 per·

232 1605 376 1688 cepisses.

320 1709 479 1795 Suspicor,
491 1713 598 1778 eodem
615 1719 646 1778 te
663 1714 808 1779 laborare
828 1714 948 1793 morbo,
964 1719 1013 1776 set
1029 1711 1106 1791 noli,
1123 1732 1229 1796 queso,
1246 1710 1383 1793 amplius

233 1837 297 1880 uno
309 1820 341 1881 et
353 1836 432 1882 vano
445 1818 553 1884 labore
561 1817 819 1884 muliercularum
832 1820 929 1882 vitam
942 1823 1030 1883 tuam
1043 1838 1234 1883 consumere.
1261 1815 1383 1908 Vellem

234 1921 363 2007 utique,
386 1927 423 1987 ut
446 1924 649 1988 valetitudini
671 1928 725 1989 tue
749 1925 867 2008 potius,
899 1945 994 2009 quam
1018 1922 1174 1988 illecebris
1203 1920 1383 1986 inservires.

235 2028 305 2111 Age
327 2027 537 2112 penitentiam
554 2050 612 2112 per
635 2027 694 2092 hoc
718 2050 851 2109 sacrum,
875 2029 959 2114 quod
975 2034 1085 2106 restet,
1109 2034 1234 2111 tempus
1258 2027 1308 2090 vel
1331 2048 1383 2090 su·

234 2153 379 2217 promum
402 2132 516 2198 saltem
541 2133 683 2198 triduum
706 2139 780 2199 ante
804 2155 917 2217 pasca,
949 2135 1050 2200 vitam
1072 2138 1107 2199 ut
1130 2132 1269 2198 declines
1292 2153 1312 2195 a
1333 2131 1383 2194 lu·

235 2237 341 2317 bricis,
365 2236 513 2302 sollicito.
549 2235 791 2322 Solonemque,
815 2242 969 2323 quantum
993 2238 1105 2303 horum
1123 2236 1383 2302 commemoracio

235 2342 487 2427 integracionem
511 2344 627 2408 veteris
644 2343 771 2408 lascivis
787 2346 920 2428 prestat,
937 2348 1074 2409 testante
1090 2347 1203 2427 poeta:
1230 2343 1384 2405 »Amores

236 2448 297 2512 sibi
321 2447 443 2512 somnio
466 2448 590 2532 fingit«
638 2445 758 2512 Tamen
782 2469 855 2513 cum
878 2448 968 2511 nulla
983 2447 1132 2525 remedia,
1157 2467 1218 2531 que
1241 2445 1383 2510 vulneri·

237 2555 295 2618 bus
305 2553 506 2634 adhibentur,
519 2558 644 2618 tentum
658 2554 780 2618 faciunt
793 2554 943 2633 dolorem,
957 2575 1052 2639 quam
1064 2575 1126 2638 que
1137 2557 1212 2616 sunt
1221 2551 1384 2630 salutaria,

236 2659 382 2724 floridam
411 2663 501 2722 tuam
533 2659 776 2723 adolescentiam
811 2659 1052 2744 ingenitamque
1082 2658 1143 2722 tibi
1173 2657 1327 2722 virtatem
1351 2657 1384 2720 in

236 2785 345 2828 omnes
368 2766 400 2828 et
422 2766 530 2842 tuum,
561 2786 654 2848 quem
679 2764 753 2829 deus
776 2785 832 2829 suo
855 2770 998 2848 tempore
1024 2762 1201 2847 postulabit
1223 2763 1383 2845 spiritum,

237 2868 480 2953 contemplando
509 2869 571 2934 tibi
601 2869 722 2949 obicio,
756 2893 774 2934 a
809 2871 925 2954 quibus
956 2875 1062 2933 autem
1085 2867 1162 2953 quid
1185 2868 1385 2951 dispensator

237 2973 317 3038 lucri
340 2972 533 3037 talentorum
558 2974 709 3056 inveniet,
733 2997 839 3059 queso,
863 2977 889 3038 si
912 2980 1101 3040 veteranum
1124 2979 1157 3038 et
1172 2994 1336 3057 nunquam
1353 2977 1384 3037 te

238 3079 407 3143 incastris
439 3087 610 3164 tyrannum
634 3082 859 3164 prospexerit?
898 3079 997 3144 Crede
1020 3080 1113 3158 mihi,
1145 3081 1248 3142 sertus
1271 3076 1387 3143 dilacio

238 3203 368 3247 usuram
384 3183 489 3267 pariet
505 3189 537 3248 et
554 3188 724 3249 retractam
740 3185 829 3251 lento
841 3187 943 3268 gradu
958 3184 1131 3249 vindictam
1147 3183 1273 3268 suplicij
1299 3205 1385 3249 com·

238 3288 386 3372 pensabit
407 3289 549 3372 gravitas
560 3287 582 3353 ².
629 3289 696 3355 Hec
719 3291 857 3355 breviter
880 3295 1004 3355 torrens
1027 3291 1060 3353 in
1084 3312 1133 3354 me
1156 3289 1297 3355 evomuit
1319 3293 1385 3375 spi-

239 3392 357 3474 ritus⁸,
382 3392 537 3477 utplures
560 3419 683 3462 mecum
706 3402 747 3476 et,
770 3398 796 3461 si
820 3398 933 3476 minus,
957 3401 989 3460 te
1007 3396 1120 3461 saltem
1143 3396 1325 3461 reducerem
1348 3399 1386 3463 ad

239 3519 379 3584 superos
425 3498 508 3564 Nam
534 3503 610 3589 quid
634 3509 691 3583 est,
715 3505 798 3589 quod
822 3524 967 3569 excussos
997 3503 1127 3568 cottidie
1149 3503 1253 3586 agitas
1277 3507 1389 3567 renes?

242 3603 359 3670 Claude
382 3607 475 3687 rivos,
499 3614 548 3673 sat
573 3613 629 3689 est,
652 3614 745 3694 prate
769 3610 929 3675 biberunt.

327 3709 416 3790 Vale,
442 3714 535 3778 decus
549 3737 655 3780 meum
671 3715 868 3799 precipuum,
885 3720 916 3780 et
933 3720 969 3779 ut
992 3719 1047 3780 tue
1063 3714 1101 3778 ad
1119 3736 1167 3779 me
1183 3714 1290 3797 sepius
1314 3735 1388 3778 eon-

240 3817 348 3881 volent
370 3817 471 3899 litere,
496 3821 639 3904 apprime
661 3842 726 3884 oro.
773 3821 820 3884 Ex
838 3821 985 3904 Augusta
1006 3821 1039 3882 4ο
1064 3819 1171 3901 marcij
1200 3819 1294 3884 1463.

749 3963 750 3966 ,
805 3927 825 3968 s

314 4012 326 4065 l
347 4007 405 4064 cod.
424 4012 514 4066 vetus.
584 4013 677 4070 leod.
697 4011 850 4082 gravitate.
921 4013 937 4066 3
954 4007 1019 4081 Vgl.
1039 4011 1112 4066 oben
1129 4027 1172 4065 nr.
1190 4010 1234 4066 33.
