3106 5252
831 453 873 518 al

275 630 422 696 Ovidius:
464 629 532 692 ’De
551 629 629 693 duro
649 632 697 692 est
720 629 834 694 ultima
850 629 945 697 ferro.
985 627 1135 693 Protinus
1155 627 1335 717 irru[m]pit
1349 653 1426 697 vene

276 737 391 818 peioris
422 736 455 800 in
488 756 578 800 evum
601 756 694 800 omne
716 734 856 817 nephas,
880 733 993 819 fugere
1015 733 1118 818 pudor
1139 755 1311 819 verumque
1334 736 1426 800 lides-

276 863 346 926 que,
362 842 394 904 in
409 862 544 925 quorum
559 841 683 904 subiere
694 840 798 906 locum
810 839 999 923 fraudesque
1015 837 1153 923 dolique,
1169 838 1376 927 iusidie[que]
1393 845 1425 905 11

275 947 322 1010 111
345 951 377 1010 11
399 967 488 1012 amor
517 944 687 1012 sceleratus
720 946 887 1010 habendi<
935 943 1016 1020 Quid
1049 945 1176 1010 multa?
1216 941 1365 1011 »Vivitur
1388 969 1426 1011 ex

277 1057 379 1136 rapto,
401 1073 465 1116 non
489 1052 602 1135 hospes
628 1053 669 1117 ab
691 1053 818 1134 bospite
839 1055 940 1131 tutus,
968 1071 1031 1114 non
1056 1069 1144 1114 socer
1166 1071 1185 1113 1
1207 1071 1334 1133 genero,
1358 1050 1425 1115 fra·

276 1161 362 1221 trum
387 1178 511 1242 quoque
542 1157 650 1241 gracia
684 1179 756 1222 rara
789 1161 845 1220 est.
892 1155 1043 1220 Imminet
1068 1155 1168 1220 exicio
1190 1155 1241 1219 vir
1270 1156 1424 1241 coniugis,

275 1260 332 1324 illa
354 1262 483 1340 mariti,
511 1260 617 1326 lurida
638 1261 799 1326 terribiles
832 1261 968 1327 miscent
991 1260 1117 1324 aconita
1138 1281 1279 1325 noverce.
1326 1260 1425 1327 Filius

276 1370 350 1430 ante
373 1366 455 1430 diem
471 1367 592 1450 patrios
608 1367 744 1452 inquirit
767 1367 800 1431 11
817 1387 925 1444 annos,
949 1365 1034 1430 victa
1059 1365 1139 1429 iacet
1161 1364 1263 1448 pietas
1286 1370 1318 1429 et
1335 1366 1426 1450 virgo

278 1471 351 1534 cede
367 1472 530 1537 madentes
542 1470 658 1536 ultima
674 1472 825 1537 celestum
843 1476 945 1535 terras
960 1469 1077 1535 Astrea
1092 1469 1253 1554 reliquit«
1272 1470 1281 1506 ¹
1304 1471 1425 1537 Huius-

276 1575 395 1639 cemodi
427 1581 481 1640 tue
509 1597 630 1641 summe
656 1577 827 1661 prudencie
857 1575 978 1660 optime
1010 1581 1085 1640 sunt
1116 1575 1252 1659 cognita.
1301 1575 1425 1642 Vellem

276 1679 457 1743 concivibus
479 1681 557 1744 meis
572 1682 766 1767 optimarum
783 1681 902 1747 arcium
926 1682 976 1746 111
1003 1681 1119 1745 tradite
1142 1680 1286 1761 fuissent,
1311 1683 1427 1767 quibus

279 1784 415 1848 maxime
438 1785 619 1869 prudentes,
645 1790 825 1852 constantes
849 1792 881 1851 et
898 1786 1060 1870 elegantes
1084 1786 1328 1850 arbitrarentur.
1362 1786 1423 1851 Fa-

277 1888 422 1954 ciendum
436 1911 511 1954 1111
527 1895 618 1971 11111,
643 1895 680 1955 11
695 1911 803 1954 omnes
820 1889 1034 1954 adulescentes
1053 1924 1097 1936 -
1116 1891 1170 1975 qui
1196 1914 1214 1954 a
1237 1890 1302 1955 suis
1325 1892 1423 1956 maio-

280 1992 367 2057 ribus
389 2015 482 2077 opem
505 1994 661 2061 haberent
677 2031 719 2042 -
735 2016 769 2058 se
791 1996 828 2059 ad
853 1993 912 2059 hec
931 1993 1143 2058 humanitatis
1165 1995 1270 2059 studia
1292 2017 1423 2061 conver-

276 2102 391 2177 terent,
415 2098 530 2182 quibus
552 2100 724 2184 aliquando
740 2122 833 2184 quam
851 2099 999 2182 plurimis
1016 2104 1144 2183 possent
1160 2100 1317 2183 prodesse,
1341 2102 1425 2186 quod

276 2209 437 2268 eteorum
463 2205 496 2268 in
521 2205 706 2289 republica
739 2207 802 2270 late
836 2209 946 2288 patere
979 2208 1085 2288 posset
1115 2205 1281 2269 industria.
1329 2206 1426 2291 [folgt

277 2308 326 2370 ein
362 2307 500 2394 lauriges
522 2310 576 2375 lob
612 2311 668 2375 111
698 2315 782 2374 artes
812 2310 959 2374 liberales
990 2310 1055 2373 und
1089 2309 1249 2392 vergleioh
1283 2311 1343 2376 mit
1365 2313 1425 2376 den

276 2413 494 2499 brodstudien]
509 2465 516 2478 .
529 2465 536 2480 .
551 2464 558 2480 .
575 2414 658 2490 Quid
683 2415 785 2479 dicam
801 2416 838 2479 de
854 2414 1041 2479 liberalibus
1059 2414 1182 2478 artibus
1197 2418 1329 2499 totaque
1351 2416 1424 2499 phi-

275 2517 449 2602 losophia?
487 2519 555 2585 Hec
585 2520 668 2585 enim
692 2520 753 2584 nisi
776 2523 890 2585 ornatu
919 2519 1089 2583 verborum
1123 2523 1155 2582 11
1177 2519 1245 2584 11111
1268 2521 1424 2586 suavitate
1532 2551 1533 2560 ¹

276 2627 464 2704 tractentur,
487 2625 573 2710 fugit
597 2631 630 2691 et
652 2626 692 2690 ab
716 2647 823 2690 aarum
847 2625 983 2690 lectione
1018 2625 1169 2690 abhorret
1193 2626 1325 2691 animus.
1363 2626 1425 2691 Illa

276 2749 351 2793 vero
374 2730 645 2797 sanctissimarum
670 2730 779 2815 legum
802 2735 834 2796 et
853 2729 957 2794 civilis
973 2729 1051 2794 iuris
1067 2731 1299 2813 preclarissima
1322 2732 1423 2796 scien·

275 2835 321 2898 tia
352 2839 506 2919 quantum
539 2836 607 2901 sine
640 2836 800 2902 rhetorica
831 2837 908 2901 duce
940 2858 976 2901 ac
1012 2836 1128 2900 comite
1161 2857 1349 2919 persuasura
1373 2838 1425 2916 sit,

276 2944 429 3022 quantum
463 2945 632 3005 exoratura
662 2945 824 3025 pretores,
856 2940 994 3018 iudices,
1029 2939 1237 3024 magistratus
1260 2946 1292 3006 et
1315 2964 1422 3008 eorum

276 3047 398 3107 mentes
431 3043 469 3107 ad
493 3044 588 3123 iram,
620 3046 658 3110 11
691 3045 812 3121 odium,
844 3045 883 3108 ad
906 3045 1045 3110 dolorem
1069 3046 1284 3126 concitatura,
1312 3047 1424 3114 11111

278 3146 524 3210 misericordiam
559 3148 788 3234 lenitatemque
813 3153 998 3214 revocatura
1030 3152 1088 3230 sit,
1120 3173 1183 3216 non
1217 3174 1292 3217 sane
1323 3154 1423 3232 video,

277 3251 481 3335 quamobrem
505 3253 599 3318 huius
622 3251 740 3318 senili²
762 3255 844 3319 vicia
860 3256 975 3321 merito
991 3256 1183 3340 deploranda
1199 3266 1313 3324 essent.
1348 3258 1423 3323 Pre-

276 3359 498 3440 statuamque
522 3359 640 3442 priscos
664 3360 737 3424 illos
759 3361 845 3424 viros
868 3367 901 3426 et
925 3362 955 3425 in
983 3363 1067 3427 ornni
1092 3363 1211 3427 virtute
1235 3363 1423 3429 excellentes

276 3459 409 3525 maiores
432 3468 557 3530 nostros
580 3465 730 3530 admirari
764 3471 796 3530 et
818 3465 965 3530 laudibus
987 3470 1154 3553 prosequi,
1187 3469 1242 3553 qui
1267 3469 1325 3534 has
1348 3472 1423 3535 duas

275 3567 322 3631 ita
345 3567 546 3645 commixtas,
582 3571 629 3635 ita
651 3571 795 3654 cognitae
819 3572 975 3650 habuere,
1008 3579 1044 3637 11
1077 3573 1235 3638 neminem
1260 3595 1367 3640 eorum
1390 3577 1422 3640 in

276 3673 376 3736 causis
400 3672 577 3759 iudiciarijs
611 3676 854 3761 forensibusque
883 3679 1107 3761 controversijs
1134 3685 1294 3743 versatum
1327 3679 1423 3746 fuisse

277 3777 480 3842 manifestum
505 3781 606 3866 11111),
632 3784 774 3867 quinon
798 3781 907 3846 orandi
932 3789 1082 3866 precepta
1110 3804 1264 3868 usumque
1287 3784 1423 3869 diligen-

277 3882 399 3948 tissime
416 3885 563 3951 teuuerit.
610 3887 665 3971 Hij
684 3910 747 3952 non
763 3886 834 3950 anri
850 3887 1025 3970 cupiditate
1040 3887 1229 3973 flagrabant,
1246 3889 1308 3971 hijs
1323 3912 1422 3954 unum

275 3989 475 4070 propositum
499 3999 567 4056 erat
591 4014 675 4073 cura,
699 3991 868 4071 industria,
891 4012 997 4076 opera,
1021 3998 1058 4057 ut
1073 4015 1163 4078 reges
1185 3998 1222 4058 nt
1237 3994 1372 4078 populos
1387 4003 1424 4061 ut

277 4093 423 4157 naciones
446 4099 482 4158 ut
504 4119 554 4162 res
578 4099 722 4182 publicas
747 4102 913 4162 tuerentur
936 4098 1257 4183 atquedefenderent.
1304 4097 1422 4165 Verum

276 4198 435 4263 enimvero
458 4224 521 4266 una
538 4205 672 4288 quedam
695 4225 818 4268 summa
834 4204 899 4267 illis
916 4205 1081 4288 proposita
1097 4225 1214 4268 meroes
1238 4209 1316 4285 erat,
1340 4206 1422 4290 quod

275 4304 309 4367 in
332 4304 419 4368 omni
448 4305 549 4371 libero
581 4308 700 4392 populo
736 4307 769 4370 in
793 4309 1040 4395 tranquillisque
1064 4309 1234 4394 provinciis
1257 4308 1422 4390 florebant,

347 4481 357 4530 l
382 4479 565 4549 Metamorph.
586 4481 606 4548 1,
629 4480 725 4537 11811.
827 4423 978 4542 {Vorner
1002 4481 1040 4536 ist
1065 4485 1147 4540 seculi
1167 4485 1422 4554 durchgestrichen,

277 4564 349 4620 wohl
369 4565 420 4618 mit
439 4566 563 4622 unrocht.
1275 4593 1279 4600 ·
