3092 5244
689 409 750 476 119

132 585 283 651 doctrina
311 585 442 652 inducor
465 585 619 653 dicentis:
656 584 785 652 »Sermo
815 586 902 651 rudis
924 608 1024 671 usque
1055 587 1094 651 od
1117 607 1171 651 cor
1194 608 1288 670 pene·

134 694 213 769 ιιιι,
238 689 360 775 politus
382 693 487 756 autem
511 692 614 775 pascit
637 712 760 758 aures«

224 795 309 861 Volo
332 801 561 880 consequenter
583 801 616 862 te
639 818 702 862 non
718 796 819 862 latere
841 801 874 861 et
890 797 1041 862 memorie
1059 797 1290 877 commendare,

132 901 221 985 quod
247 901 391 984 quamvis
407 901 514 967 omnia
529 907 605 966 sunt
621 902 654 966 in
670 903 764 967 deum
780 901 954 968 ordinanda
969 901 1117 982 finaliter,
1142 906 1179 967 ut
1195 924 1291 986 supra

130 1005 348 1071 vociferatum
372 1011 429 1084 est,
453 1027 515 1071 non
540 1010 645 1070 tamen
668 1006 707 1072 de
729 1007 919 1072 necessitate
948 1011 1024 1071 sunt
1046 1007 1152 1072 omnia
1175 1007 1289 1072 imme·

130 1111 222 1176 diste
247 1116 279 1176 et
302 1110 404 1177 solum
421 1110 454 1175 iu
477 1110 571 1176 deum
595 1111 791 1190 ordinanda,
816 1113 892 1196 quia
918 1116 993 1177 sunt
1015 1111 1109 1176 multi
1133 1111 1211 1176 fines
1233 1113 1288 1177 ad-

130 1216 275 1284 invicem
289 1215 497 1294 subordinati‚
521 1217 553 1281 in
571 1237 650 1301 quos
665 1220 750 1282 recte
768 1239 818 1282 res
833 1218 974 1283 ordinari
990 1222 1022 1282 ct
1037 1217 1156 1283 referre
1173 1221 1288 1303 potest.

132 1318 296 1387 Ultimate
320 1326 425 1386 tamen
450 1325 555 1386 totum
578 1323 778 1388 referendum
794 1327 842 1387 est
860 1324 893 1388 in
916 1323 1009 1388 deum
1034 1326 1067 1388 et
1081 1323 1116 1387 in
1139 1322 1290 1409 eiusglo·

132 1427 227 1492 riam.
276 1426 483 1510 Exemplum:
515 1427 610 1493 homo
633 1431 720 1492 recto
742 1428 853 1493 ordine
884 1431 917 1492 et
939 1429 1121 1494 intencione
1144 1429 1212 1494 vult
1235 1449 1288 1494 co-

131 1534 262 1598 medere
283 1535 418 1616 propter
440 1530 510 1609 hoc,
534 1532 618 1617 quod
640 1532 741 1616 possit
763 1535 869 1597 vivere
896 1567 939 1582 -
958 1554 1021 1599 uon
1046 1533 1131 1598 enim
1155 1533 1290 1598 vivimus

131 1643 269 1723 propter
291 1637 361 1714 hoc,
384 1640 422 1701 ιιι
444 1637 651 1716 comedamus,
685 1637 738 1702 sed
763 1637 964 1718 comedimus,
988 1643 1025 1703 ut
1048 1638 1154 1702 vivere
1175 1658 1288 1722 possu-

132 1764 207 1808 mus
216 1743 252 1828 (ι)
268 1777 302 1789 -
315 1748 347 1808 et
357 1739 392 1829 [f.
401 1741 492 1827 248³]
504 1742 574 1808 vult
589 1742 694 1807 vivere
706 1747 840 1827 propter
850 1743 919 1824 hoc,
933 1747 970 1808 ut
983 1743 1087 1826 possit
1098 1763 1195 1827 opera
1207 1743 1289 1808 bona

132 1854 165 1914 et
190 1849 275 1912 iusta
297 1847 422 1931 operari
445 1853 577 1932 propter
600 1848 669 1929 hoc,
693 1854 730 1915 ut
752 1849 828 1914 deus
851 1850 903 1914 det
924 1849 986 1914 sibi
1011 1849 1112 1914 vitam
1136 1853 1288 1928 eternam,

134 1959 168 2018 et
192 1953 263 2018 vult
286 1951 402 2018 habere
425 1952 524 2018 vitam
547 1957 691 2019 eternam
714 1975 778 2018 non
801 1958 932 2038 propter
960 1954 1019 2019 hoc
1043 1952 1157 2032 solum,
1182 1957 1219 2018 ut
1243 1954 1288 2019 ibi

133 2059 216 2123 bene
238 2058 281 2122 sit
303 2057 364 2120 sibi
382 2094 420 2104 -
438 2057 498 2124 hoo
520 2058 604 2122 enim
629 2062 711 2124 esset
726 2059 838 2123 sistere
853 2058 994 2124 finaliter
1016 2059 1050 2123 in
1073 2058 1177 2141 seipso
1200 2061 1233 2123 et
1254 2058 1287 2123 in

132 2186 190 2229 suo
216 2165 297 2229 bono
319 2163 538 2228 etcommodo
553 2199 597 2210 —
613 2165 668 2229 sad
691 2168 827 2248 propter
850 2163 919 2244 hoc,
944 2169 981 2230 ut
996 2165 1042 2229 ibi
1068 2185 1193 2248 semper
1215 2185 1288 2248 per-

133 2270 216 2334 fecte
246 2273 278 2333 et
300 2271 516 2334 consummate
550 2268 669 2332 serviat
692 2269 828 2334 creatori
866 2289 923 2334 suo
947 2274 979 2334 et
1002 2270 1107 2354 ipsum
1129 2268 1289 2352 glorificet

134 2376 168 2439 in
192 2377 345 2438 eternum.
392 2372 434 2438 ut
464 2375 510 2440 sic
531 2374 682 2439 comestio
711 2396 768 2458 per
797 2374 900 2439 multa
923 2373 1006 2438 bona
1028 2373 1132 2439 media
1155 2377 1188 2437 et
1209 2374 1287 2438 fines

133 2479 358 2545 subordinatos
380 2479 518 2544 refertur
539 2479 683 2544 finaliter
707 2480 741 2544 in
765 2479 857 2546 deum
881 2485 914 2544 et
929 2480 996 2544 eius
1012 2479 1159 2564 gloriam,
1183 2481 1219 2541 ιιι
1242 2477 1287 2541 sic

136 2587 169 2649 in
193 2585 341 2651 omnibus
363 2583 561 2668 glorificetur
584 2586 659 2650 deus
677 2633 836 2651 ........
860 2584 1019 2668 Egredere
1042 2584 1153 2667 igitur,
1181 2602 1286 2667 queso,
1407 2618 1409 2623 ,

132 2693 171 2756 de
194 2691 263 2755 ocio
286 2690 324 2754 ad
348 2689 498 2766 laborem,
522 2689 560 2755 de
583 2691 696 2755 umbra
724 2691 764 2755 ad
788 2690 901 2769 lucem,
925 2689 963 2754 de
988 2687 1143 2753 Babilone
1167 2686 1285 2752 Jheru-

137 2797 234 2861 satem
257 2799 289 2859 et
311 2795 470 2859 abstineas
493 2796 532 2861 ab
557 2795 626 2876 his,
656 2817 791 2880 quorum
814 2795 887 2859 finis
918 2799 966 2860 est
997 2794 1087 2860 dolor
1120 2793 1232 2858 mortis
1255 2797 1288 2857 et

137 2901 332 2968 excessionis
343 2899 538 2966 amarissime
552 2951 559 2964 .
575 2951 582 2966 .
596 2949 604 2965 .
619 2950 627 2967 .
643 2900 679 2984 [f.
690 2899 768 2984 249]
780 2950 788 2965 .
799 2948 805 2963 .
817 2951 825 2966 .
835 2897 928 2964 Certe
951 2898 1021 2964 dico
1044 2919 1103 2984 ego
1126 2919 1196 2963 cum
1219 2899 1286 2982 pis·

137 3011 244 3072 catore
266 3006 442 3085 hominum,
464 3005 614 3071 videlicet
639 3007 730 3071 beato
751 3005 866 3070 Petro:
894 3003 1002 3069 »Vade
1025 3004 1170 3088 piscari«
1214 3001 1286 3068 Uti·

137 3134 209 3176 nam
232 3110 421 3176 vociferatos
444 3131 515 3176 cum
541 3111 641 3176 beatis
664 3109 879 3196 apostolisdo.
897 3111 937 3174 21
955 3106 1177 3196 dicenti[bu]s:
1203 3107 1286 3174 »Ve-

136 3219 246 3282 nimus
268 3223 300 3281 et
323 3238 379 3282 nos
402 3221 545 3295 tecum‚‹
584 3221 616 3281 et
639 3238 702 3281 non
726 3238 869 3297 curares,
895 3216 967 3302 quis
995 3219 1141 3281 nostrum
1163 3235 1286 3280 succum

138 3325 291 3407 portaret.
338 3320 501 3386 Hactenus
524 3321 661 3386 militavi
684 3323 718 3387 in
740 3321 937 3388 vanitatibus
959 3321 1077 3399 seculi,
1110 3341 1194 3385 nunc
1215 3319 1287 3383 volo

136 3428 275 3493 militare
298 3427 356 3491 deo
379 3447 450 3490 meo
472 3449 529 3510 per
552 3427 642 3492 illam
667 3428 822 3493 modicam
845 3427 1021 3506 morulam,
1045 3447 1106 3512 que
1130 3425 1210 3490 mihi
1233 3446 1285 3489 su-

135 3538 241 3617 perest
275 3537 308 3596 et
338 3532 421 3596 feces
453 3553 519 3596 mea
549 3534 721 3598 senectutis
756 3533 898 3617 ymolare
928 3531 1085 3610 altissimo
1096 3578 1227 3595 .......
1251 3527 1286 3592 Si

135 3639 228 3704 dicis:
256 3658 337 3702 »non
353 3638 406 3701 ibo
422 3644 537 3718 tecum,
560 3639 636 3724 qnia
650 3639 756 3704 nescio
768 3637 888 3724 loqui«,
912 3637 996 3716 audi,
1024 3635 1161 3718 benigne
1175 3634 1285 3715 frater,

135 3741 303 3808 consilium
326 3764 441 3806 meum.
491 3741 601 3807 Ysaias
625 3744 783 3826 propheta
805 3747 894 3807 sexto
917 3739 1060 3824 capitulo
1084 3740 1177 3805 dicit:
1217 3739 1285 3804 »Vc

136 3847 241 3926 michi,
278 3848 352 3932 quia
382 3848 499 3928 tacui«,
531 3849 639 3913 eodem
675 3848 834 3932 capitulo:
873 3846 971 3912 »Ecce
993 3865 1064 3930 ego,
1088 3845 1180 3910 mitto
1204 3867 1283 3910 me«.

132 3953 287 4019 Jercmias
310 3974 436 4038 quoque
458 3953 505 4018 ait
527 3976 553 4018 e.
574 3955 609 4019 l:
634 3953 694 4033 ›A‚
714 3975 742 4030 a,
760 3975 790 4034 a,
813 3953 940 4018 domine
963 3951 1066 4016 nescio
1091 3951 1180 4036 loqui
1203 3955 1282 4016 etc«

136 4058 225 4135 Quod
248 4080 330 4123 unus
353 4058 520 4124 humiliter
542 4059 650 4143 pecijt‚
673 4059 755 4124 alius
783 4058 987 4124 laudabiliter
1010 4055 1147 4139 expavit.
1198 4053 1285 4119 Unus

136 4161 169 4250 [f.
185 4160 277 4250 249³]
290 4162 393 4227 voluit
406 4162 560 4247 proximis
576 4163 734 4246 prodesse,
752 4163 834 4226 alius
843 4161 990 4226 inherere
1000 4159 1100 4224 amori
1112 4159 1285 4224 conditoris

134 4291 190 4352 per
200 4268 514 4352 contemplacionem.
533 4267 656 4333 Bonum
671 4273 718 4332 est
727 4266 894 4332 sollicitari
907 4287 979 4332 cum
985 4264 1121 4344 Martha,
1129 4263 1183 4330 sed
1194 4265 1284 4350 quie·

134 4374 199 4438 cius
215 4377 263 4439 est
277 4373 384 4439 sedere
399 4374 439 4439 ad
454 4376 548 4457 pedes
564 4373 683 4439 domini
695 4371 812 4438 dhesus
829 4394 900 4437 cum
915 4370 1026 4436 Maria.
1061 4369 1153 4435 Mane
1171 4369 1284 4454 igitur,

135 4480 294 4544 carissime
317 4479 427 4560 frater,
450 4501 520 4544 cum
541 4479 681 4544 Jeremia
713 4484 745 4543 et
770 4477 872 4542 Maria
898 4476 1104 4562 Magdalena,
1128 4496 1283 4560 quacum
