3106 5246
814 432 879 500 208

271 611 531 696 singularissime.
582 607 679 673 Mitto
701 609 731 674 d.
755 633 783 676 v.
802 607 969 674 almanach
990 609 1085 674 huius
1107 611 1183 674 anni
1205 632 1263 693 per
1285 633 1336 676 me
1358 610 1420 676 col·

269 715 390 782 lectum
425 737 521 799 super
543 712 672 778 civitate
695 711 977 798 Nurembergensi‚
1006 734 1119 796 parum
1143 719 1199 779 aut
1223 716 1317 800 quasi
1341 715 1423 779 nihil
1523 791 1524 796 γ

270 843 288 884 a
304 822 433 887 civitate
445 819 638 903 Augustensi
659 818 851 902 discrepans,
876 818 937 882 nisi
954 823 1109 903 quantum
1124 820 1163 885 ad
1186 820 1294 904 aliqua
1309 843 1423 903 parum

270 926 486 1011 importantia.
548 922 620 987 Vidi
654 923 707 988 hic
737 923 904 988 almanach
937 923 1083 1008 Auguste
1116 924 1284 990 collectum
1308 929 1341 990 et
1363 947 1423 1008 per

269 1031 475 1113 impressores
506 1033 628 1093 vestros
658 1029 847 1112 impressum
870 1031 1068 1113 incomptum
1091 1030 1230 1094 maxima
1253 1031 1329 1093 satis
1351 1051 1423 1096 eor-

269 1135 409 1200 rectione
431 1134 587 1219 indigens‚
616 1135 710 1200 sicuti
732 1135 860 1219 singula
883 1136 915 1200 in
939 1136 1008 1219 ipso
1030 1136 1259 1221 perlustrando
1280 1135 1357 1200 vidi.

357 1240 484 1324 Scripta
514 1243 638 1319 vestra,
668 1261 730 1323 que
761 1240 944 1306 iamdudum
971 1264 990 1304 a
1013 1241 1102 1306 vobis
1130 1241 1350 1324 expectabam,
1383 1263 1425 1303 an
1524 1251 1525 1270 ³

271 1346 348 1429 ipsis
371 1345 521 1430 indignus
546 1349 601 1408 aut
623 1345 753 1410 omuino
770 1345 923 1410 oblivioni
947 1351 1025 1429 aput
1049 1366 1103 1411 vos
1119 1347 1243 1411 deditus
1264 1347 1325 1408 sim
1349 1367 1422 1410 nes-

271 1452 328 1515 cio.
375 1450 492 1524 Forsan
521 1449 595 1513 dum
629 1451 743 1513 vestris
775 1451 962 1516 interessem
993 1451 1128 1535 nuptijs‚
1150 1451 1314 1529 levitates,
1346 1471 1426 1533 quas

271 1561 348 1622 tunc
371 1557 454 1622 letus
470 1557 522 1640 egi
538 1591 573 1602 -
601 1577 662 1639 que
678 1577 740 1620 non
765 1556 878 1638 exigna
890 1557 978 1620 fuere
993 1593 1038 1604 -
1051 1556 1193 1622 animum
1208 1577 1245 1621 ac
1267 1556 1424 1620 calamum

272 1666 304 1726 et
329 1684 456 1726 manum
480 1661 636 1726 scribendi
660 1661 698 1724 ad
715 1681 764 1724 me
780 1663 991 1724 retraxerunt.
1024 1657 1108 1724 Nam
1128 1665 1164 1723 nt
1179 1682 1289 1724 rerum
1311 1659 1429 1737 fateor,

272 1767 316 1831 nil
340 1766 504 1832 iocundius
531 1765 609 1828 mihi
635 1769 713 1844 erat,
737 1764 811 1828 dum
836 1764 1038 1829 conversione
1069 1763 1153 1828 dulci
1175 1764 1335 1829 vobiscum
1359 1763 1426 1828 frui

273 1873 427 1948 dabatur,
456 1871 607 1955 quoniam
639 1874 726 1933 totus
749 1869 783 1933 in
810 1869 959 1954 gandium
989 1891 1097 1934 versus
1127 1890 1163 1934 ac
1186 1870 1233 1934 ita
1254 1870 1352 1933 letum
1377 1869 1426 1933 vi·

271 1977 344 2042 dere
359 1976 438 2039 milri
456 1976 582 2040 videbar
604 1975 748 2052 evasisse,
784 1979 820 2038 ut
836 1995 928 2039 nemo
943 1975 1046 2057 magis
1060 2023 1067 2036 .
1082 2023 1110 2038 ..

809 2245 893 2319 103.

403 2369 596 2443 Hermann
624 2368 782 2444 Schedel
811 2393 861 2442 an
888 2369 999 2443 einen
1026 2370 1306 2445 unbekannten.

630 2507 692 2562 clm.
714 2507 768 2562 224
787 2507 806 2563 f.
825 2507 901 2562 rso.
938 2505 1069 2578 concept.

273 2616 582 2701 Empfehlung
605 2617 678 2681 des
701 2615 922 2700 dr.Georg
954 2613 1156 2700 Pfinzing‚
1181 2616 1257 2680 der
1279 2639 1327 2682 an
1353 2619 1431 2684 den

517 2720 795 2786 Landshuter
816 2718 893 2784 hof
914 2719 1052 2804 gehen
1074 2719 1179 2784 will.

361 2844 391 2912 S.
416 2866 447 2929 p.
471 2849 572 2928 optat.
618 2843 800 2910 Reverende
830 2849 932 2926 pater.
983 2842 1183 2908 Presentium
1214 2843 1375 2909 exhibitor
1398 2846 1428 2911 d.

274 2951 411 3017 Georius
438 2949 644 3032 Pfinczing¹‚
678 2950 876 3015 decretorum
909 2949 1019 3013 doctor
1046 2949 1095 3013 vir
1127 2947 1262 3032 insignis
1296 2949 1430 3014 scientia

275 3062 307 3122 et
329 3057 470 3123 moribus
504 3056 667 3140 preclarus
701 3056 823 3120 sincera
847 3054 928 3117 mihi
955 3053 1121 3118 affectione
1153 3057 1184 3117 et
1207 3054 1430 3120 familiaritate

274 3161 570 3241 coniunctissimus,
607 3162 680 3226 dnm
704 3161 767 3225 iter
788 3180 896 3224 versus
920 3157 1137 3223 Lanczhutam
1160 3158 1265 3240 ipsum
1288 3159 1432 3242 arripere

275 3265 508 3347 intelligerem,
544 3285 646 3329 mores
669 3265 773 3348 patrie
798 3265 915 3342 visere,
938 3263 1088 3327 noticiam
1112 3263 1193 3328 inibi
1217 3262 1357 3326 virorum
1380 3263 1431 3326 in-

275 3370 415 3456 signium
438 3370 520 3434 inire
543 3371 711 3454 ipsumque
736 3389 887 3454 argaeos
917 3367 1083 3448 oblectari,
1107 3369 1153 3432 uti
1176 3368 1280 3432 virum
1304 3368 1432 3433 doctum

863 3478 882 3512 N·

275 3543 465 3600 trimonialem
472 3543 647 3613 Morsperger
656 3545 685 3597 et
697 3543 732 3598 de
741 3542 757 3596 J
760 3559 851 3597 canna
861 3540 1025 3597 Monetario.
1033 3540 1129 3595 -Der
1136 3539 1218 3596 Iriber
1225 3539 1432 3596 commodorum

277 3631 414 3686 ruralium
434 3631 481 3686 des
503 3630 601 3685 Petrus
620 3630 654 3684 de
676 3628 848 3697 crescencijs
879 3627 974 3682 werde
994 3628 1059 3682 1471
1079 3645 1113 3681 an
1130 3628 1281 3696 Augsburg
1298 3626 1438 3697 gedruckt

277 3717 391 3772 Danach
410 3716 553 3772 viellsicht
570 3735 604 3770 zu
622 3717 741 3772 datiren.

348 3807 361 3858 1
385 3803 447 3874 Vgl.
467 3804 535 3860 fiber
554 3803 603 3859 ilm
613 3803 696 3868 Will,
713 3803 824 3858 Niirnb.
839 3802 1104 3858 Gelehrtenlexikon
1123 3802 1171 3868 ΙΙΙ,
1184 3803 1244 3866 151,
1258 3801 1297 3856 St.
1311 3799 1376 3858 (ihr.
1388 3801 1436 3864 XI,

276 3892 327 3947 471
341 3892 361 3946 l.
399 3892 434 3945 ΙΙΙ
447 3892 612 3948 starb1478.
649 3891 701 3946 Ein
720 3892 795 3946 brief
805 3908 859 3946 von
879 3890 939 3943 ihm
957 3907 994 3944 an
1010 3889 1070 3944 Sixt
1082 3889 1196 3952 Tncher,
1212 3889 1279 3943 1473
1294 3888 1351 3958 juli
1362 3890 1377 3942 8
1390 3888 1438 3944 bei

276 3978 300 4032 J.
315 3977 343 4031 Ι.
358 3977 441 4044 Roth,
462 3978 637 4034 Verzeichnis
655 3978 725 4034 aller
746 3979 912 4034 Genannten
944 3975 991 4032 des
1011 3981 1155 4048 grdsseren
1170 3976 1258 4030 Raths
1276 3976 1320 4031 42.
1358 3963 1437 4030 llber

276 4064 466 4134 beaielmngen
479 4081 513 4117 zu
525 4063 684 4118 Hartmann
700 4064 816 4119 Schedel
834 4082 855 4117 s.
877 4064 1070 4118 Wattenbach
1089 4065 1107 4118 i.
1127 4063 1154 4116 d.
1176 4062 1372 4132 Forschungen
1385 4063 1435 4128 XI,

276 4152 337 4207 366.
375 4150 541 4206 Simcnsfeld
551 4151 569 4205 i.
584 4151 609 4208 d.
626 4151 767 4221 Abhdlgn.
780 4152 806 4204 d.
822 4151 959 4206 Mlinchn.
972 4151 1057 4207 Acod.
1067 4151 1108 4206 ΙΙΙ
1121 4151 1154 4206 cl.
1168 4150 1231 4204 XIX
1254 4150 1301 4204 bd.
1311 4149 1352 4204 111
1373 4151 1434 4204 abt.

278 4239 337 4296 584.
374 4238 441 4294 ltine
460 4238 595 4294 abachrift
612 4241 661 4295 der
688 4239 839 4308 tragodien
857 4240 905 4294 des
924 4238 1029 4294 Seneca
1054 4238 1083 4292 in
1101 4239 1162 4293 clm.
1182 4239 1234 4292 212
1252 4237 1365 4293 enthalt
1382 4238 1435 4293 fol·

277 4326 387 4395 geoden
405 4326 638 4383 sehlussvermerk
658 4329 817 4383 Hartmann
836 4326 982 4382 Schedels:
1019 4327 1115 4382 »Hunc
1134 4325 1235 4380 librum
1255 4325 1356 4380 Seneca
1374 4340 1434 4394 per-

278 4412 388 4483 scripsit
406 4413 502 4470 doctcr
520 4415 634 4470 Georins
653 4416 808 4485 Plincaing,
851 4416 898 4485 qui
918 4415 987 4472 mihi
1006 4431 1070 4471 eum
1089 4414 1183 4468 Padue
1202 4432 1252 4483 pro
1271 4413 1335 4467 aliie
1353 4413 1437 4467 rebus

278 4517 311 4556 ex
329 4501 467 4570 singulari
486 4503 612 4558 amicicia
630 4503 709 4558 dedit
739 4520 813 4559 anno
832 4502 939 4558 domini
951 4499 1168 4557 dcccclxv*
