3106 5252
804 421 845 484 52

243 593 328 658 infra
346 592 516 658 Wiennam
539 599 571 657 et
592 592 897 659 Novem-civitatem
927 596 959 658 et
983 592 1028 656 ibi
1058 593 1142 657 circa
1163 590 1267 654 menia
1294 588 1397 654 Nove-

244 700 382 764 civitatis
415 698 539 762 nemine
562 699 739 764 reluctante
764 699 892 782 rapina,
926 698 1088 776 incendio,
1120 696 1342 762 devastacione
1364 695 1397 758 in

244 825 307 870 non
332 805 521 870 mediocrem
546 805 747 888 imperatoris
775 809 808 869 et
823 806 953 869 ducatus
977 802 1107 868 Austris
1134 800 1356 866 verecundiam
1368 799 1399 864 vi

244 913 368 974 armata
391 911 561 974 transitum
587 909 745 974 fecerunt.
783 907 854 992 Ipse
870 929 943 972 vero
967 908 996 973 d.
1021 907 1155 990 legatur,
1179 905 1225 968 nil
1248 925 1281 968 se
1305 903 1398 968 effec-

245 1021 353 1079 turum
384 1015 588 1098 intelligens,
624 1014 658 1076 in
696 1015 787 1099 aquis
810 1012 985 1098 Ungariam
1020 1032 1128 1076 versus
1159 1010 1220 1074 iter
1251 1009 1398 1091 arripuit.

244 1119 367 1184 Rursus
389 1119 569 1184 oratoribus
592 1122 625 1182 et
639 1119 755 1203 legatis
772 1118 864 1203 ,regis
881 1117 1009 1182 Boemie
1031 1116 1175 1199 repetitis
1191 1115 1252 1178 iam
1276 1111 1398 1176 vicibus

243 1245 302 1306 pro
327 1224 427 1308 regni,
450 1222 607 1306 regalium
631 1228 664 1288 et
690 1223 854 1288 feudorum
879 1222 1121 1288 confirmacione
1144 1225 1241 1305 atque
1264 1217 1396 1282 investi-

244 1334 317 1393 tura
340 1329 424 1411 apud
447 1330 476 1392 d.
493 1329 718 1412 imperatorem
736 1329 930 1393 instantibus
953 1331 1025 1412 post
1041 1325 1144 1390 multa
1167 1345 1203 1388 eo
1226 1323 1398 1388 deventum

244 1438 311 1512 est,
343 1433 427 1517 quod
459 1432 489 1496 d.
512 1433 686 1518 imperator
708 1434 865 1498 dominica
897 1437 969 1516 post
1001 1433 1110 1497 datum
1144 1429 1341 1513 presencium
1365 1427 1399 1491 in

244 1538 374 1602 civitate
397 1532 506 1602 Prbnn
541 1539 632 1622 regni
658 1538 787 1604 Boemie
818 1560 953 1603 unacum
988 1558 1063 1619 rege
1094 1534 1262 1600 convenire
1292 1533 1400 1617 ibique

246 1665 319 1707 eum
342 1642 531 1706 confirmare
555 1649 586 1709 et
610 1648 645 1708 ut
669 1646 836 1710 electorem
860 1644 986 1728 imperij
1010 1643 1048 1706 de
1064 1640 1226 1725 regalibus
1249 1643 1281 1702 et
1296 1637 1399 1702 feudis

244 1747 383 1812 eiusdem
407 1747 499 1832 regni
521 1749 731 1834 solempniter
746 1749 896 1814 investire
912 1747 1048 1812 debebit.
1098 1745 1160 1822 Qui
1177 1743 1305 1828 quidem
1319 1741 1398 1806 Boe-

245 1853 306 1916 mie
329 1874 385 1917 rex
408 1853 441 1916 in
465 1853 617 1918 eiusmodi
636 1853 889 1919 confirmacionis
906 1857 938 1917 et
953 1851 1141 1917 investiture
1163 1868 1397 1932 recompensam

246 1958 346 2022 eidem
368 1957 553 2042 imperatori
586 1958 727 2042 proprijs
752 1959 898 2042 expensis
925 1956 1082 2022 adiutorio
1106 1977 1139 2020 se
1162 1955 1307 2018 futurum
1326 1974 1399 2036 spo-

245 2063 367 2145 pondit,
392 2083 455 2146 quo
477 2064 705 2145 possessionem
728 2063 819 2146 regni
832 2060 975 2146 Ungarie
1000 2060 1126 2126 facilius
1143 2057 1275 2140 adipisci
1293 2061 1398 2141 queat,

245 2167 423 2251 quodcum
454 2166 574 2232 factum
598 2168 706 2248 fuerit,
730 2169 797 2251 ipse
825 2167 953 2231 Boemie
977 2188 1032 2230 rex
1055 2165 1267 2243 medietatem,
1291 2167 1327 2226 nt
1350 2162 1398 2224 di-

244 2272 337 2347 citnr,
362 2271 504 2336 omnium
527 2273 787 2356 percepcionnm,
811 2270 976 2335 fructuum
998 2272 1031 2333 et
1054 2268 1235 2333 reddituum
1258 2267 1396 2330 eiusdem

244 2377 336 2461 regni
358 2374 501 2461 Ungarie
524 2379 562 2441 ed
587 2378 686 2442 vitam
707 2398 797 2441 suam
823 2377 987 2460 percipere
1011 2380 1045 2441 et
1068 2374 1186 2438 habere
1209 2372 1346 2436 debebit.

330 2479 438 2547 Unum
461 2483 615 2566 preterire
640 2503 771 2566 nequeo,
796 2479 982 2545 Heinricnrn
996 2479 1167 2558 Erelbach,
1201 2477 1294 2561 paulo
1326 2482 1400 2542 ante

243 2586 331 2651 urbis
354 2591 461 2652 nostre
483 2587 652 2665 noterium,
676 2587 780 2652 sedem
811 2585 875 2650 hnc
898 2585 1050 2670 posuisse,
1080 2583 1147 2669 qni,
1171 2589 1207 2646 ut
1229 2581 1315 2646 fame
1338 2581 1402 2646 fert

245 2691 304 2767 vel,
330 2698 366 2754 ut
381 2693 486 2756 verius
503 2692 625 2776 loquar,
642 2689 840 2774 experieneia
856 2689 1062 2768 demonstrat,
1085 2693 1327 2771 appostatarum
1343 2709 1399 2750 rre-

244 2801 350 2860 turam
373 2797 406 2860 in
429 2818 462 2860 se
478 2797 618 2861 delusam
640 2819 701 2860 non
726 2797 857 2880 patitur.
896 2793 1046 2860 Ordinem
1073 2795 1190 2860 etenim
1213 2793 1399 2859 derelictum

244 2907 313 2967 toto
336 2902 500 2966 conamine
523 2903 664 2987 totisque
680 2903 801 2967 viribus
824 2893 983 2985 persequi,
1008 2899 1176 2984 denigrare
1192 2903 1225 2963 et
1248 2897 1400 2962 infestare

244 3006 382 3086 laborat,
406 3028 469 3070 non
492 3007 594 3070 solum
619 3011 736 3085 nostre,
760 3008 914 3091 quinymo
931 3005 1094 3090 quibusvis
1117 3004 1192 3087 alijs
1216 3004 1401 3068 civitatibus

245 3117 278 3175 et
300 3111 403 3194 opidis
435 3112 659 3176 contrariando
691 3112 942 3194 adversarijsque
970 3133 1077 3176 earum
1110 3110 1262 3188 consiliu,
1293 3109 1401 3174 favore

248 3219 281 3279 et
305 3215 425 3280 auxilio
444 3215 659 3280 assistenciam
675 3216 818 3282 faciendo
834 3221 876 3296 et,
904 3221 942 3280 ut
956 3217 1057 3280 multa
1072 3215 1180 3299 paneis
1196 3215 1400 3298 complectar,

245 3320 389 3384 dominos
405 3341 490 3385 meos
505 3326 685 3404 serpentem
701 3321 734 3384 in
751 3321 873 3406 gremio
890 3320 1064 3384 nutrivisse
1080 3319 1252 3402 comperio,
1270 3318 1325 3401 qni
1344 3339 1402 3400 per

245 3425 293 3490 fas
318 3430 350 3489 et
374 3425 493 3508 nephas
516 3426 602 3510 ipsos
625 3426 803 3510 inquietare
821 3425 947 3490 laborat
978 3429 1009 3489 et
1033 3424 1159 3508 quidem
1183 3423 1401 3487 inverecunde.

332 3530 383 3610 Et,
406 3536 630 3615 preceptorum
645 3533 774 3614 optime,
797 3553 868 3596 cum
893 3536 965 3615 post
979 3531 1131 3595 solertem
1155 3528 1397 3613 inquisicionem

244 3635 291 3697 nil
314 3635 388 3715 rari,
411 3635 458 3698 nil
482 3637 636 3708 soleciosi,
659 3637 706 3700 nil
723 3637 858 3721 denique
873 3641 964 3701 tanto
979 3637 1048 3702 viro
1079 3636 1210 3719 dignum
1234 3633 1399 3716 explorare

245 3741 434 3824 quivissem,
457 3744 622 3806 attamen
646 3742 774 3826 aliquod
800 3762 877 3825 erga
900 3763 954 3806 vos
977 3740 1072 3823 officij
1110 3743 1206 3825 atque
1229 3738 1398 3822 diligencie

243 3845 371 3929 signum
394 3847 428 3910 in
450 3868 502 3910 me
524 3869 677 3931 apparere
697 3853 813 3930 posset,
837 3847 897 3912 hec
922 3847 1040 3912 domini
1059 3846 1144 3910 Ense
1155 3844 1312 3922 Senensis,
1335 3844 1398 3906 ism

244 3951 419 4015 beatissimi
442 3952 609 4034 apostolici
632 3955 744 4034 nostri,
769 3953 938 4036 proverbia
971 3974 1104 4016 unacum
1128 3951 1274 4014 oracione
1296 3948 1398 4012 facul-

245 4061 343 4120 tatem
382 4061 521 4121 vestram
554 4055 731 4139 plurimum
766 4060 938 4122 exornante
971 4057 1010 4122 ad
1047 4077 1100 4121 vos
1139 4051 1400 4120 conscribenda¹

813 4165 832 4200 *ll*

316 4230 329 4282 l
352 4229 432 4283 Diese
452 4229 624 4284 abscbriften
638 4229 722 4284 Ebers
742 4230 895 4300 liegenuns
908 4230 978 4286 noch
999 4247 1047 4285 vor
1065 4228 1094 4284 in
1107 4229 1171 4284 clm.
1182 4227 1232 4282 249
1243 4227 1262 4280 f.
1281 4227 1401 4289 ala—63

244 4317 263 4372 f.
282 4317 333 4371 212
352 4317 394 4370 bis
413 4317 478 4371 21412
500 4316 544 4372 die
569 4316 720 4372 Proverbia
739 4317 831 4382 Ense,
852 4317 1001 4371 derunter:
1034 4315 1202 4371 Valentinus
1221 4315 1292 4370 Ebot
1311 4313 1395 4370 licen·

244 4406 357 4476 [ciatus]
378 4403 495 4460 Wienne
519 4423 593 4461 anno
619 4407 670 4460 etc.
697 4405 813 4460 LVIlll⁰
837 4406 899 4476 ipsa
918 4405 963 4459 die
992 4404 1100 4459 veneris
1125 4406 1188 4474 post
1220 4403 1401 4470 Margarethe

244 4512 329 4549 mann
348 4494 472 4564 propria.
511 4493 593 4548 Dann
606 4493 651 4546 die
671 4492 770 4548 Oraeio
780 4493 910 4562 magistri
930 4491 1099 4560 Gnasparini
1112 4491 1145 4546 cle
1158 4490 1289 4545 laudibus
1309 4489 1395 4543 scien·
