3092 5244
809 437 871 502 112

267 615 420 699 optimam
444 613 597 692 adhibeo,
621 613 645 678 si
671 635 750 698 quos
772 613 901 679 venales
924 619 956 678 et
979 615 1075 680 utiles
1098 636 1263 698 reperero,
1296 619 1333 681 ut
1356 615 1415 680 tibi

268 740 320 785 eos
342 741 525 803 comparare
548 740 610 785 non
632 719 791 786 omittam.
838 719 966 786 Mallem
994 720 1142 806 egregios
1164 720 1224 785 tibi
1248 741 1353 785 emere
1375 719 1415 784 li·

267 825 350 903 bros‚
373 825 399 888 si
422 823 548 889 venales
561 829 773 902 occurrerent,
797 845 893 910 quam
917 823 1143 890 scartibellos¹
1169 847 1206 891 ao
1228 823 1362 890 inutiles
1385 830 1417 889 et

266 931 457 994 incorrectos
481 928 588 1012 precio
610 949 728 1012 magno
750 950 944 1013 comparare.
990 929 1072 996 Vale
1086 936 1119 996 et
1141 931 1210 996 fata
1227 935 1284 995 tua
1306 951 1417 995 moun-

267 1036 343 1099 dent
365 1035 480 1099 studia.
522 1033 622 1119 Rogo,
644 1039 681 1098 ut
704 1034 893 1098 scrutinium
917 1034 1033 1100 habeas
1049 1037 1086 1100 de
1102 1036 1244 1119 practica
1269 1035 1417 1120 magistri

269 1139 434 1206 Michaelis
455 1141 493 1204 de
518 1137 710 1205 savonarola
733 1140 771 1204 de
794 1137 903 1204 Padua
927 1140 965 1205 de
988 1139 1151 1218 febribus,
1176 1161 1270 1225 quam
1294 1140 1322 1203 si
1346 1160 1418 1222 per·

266 1245 437 1311 scrutando
471 1244 645 1328 reperires,
675 1242 812 1309 facerem
835 1245 993 1329 complere
1017 1244 1194 1322 delectum,
1217 1265 1312 1329 quem
1337 1243 1417 1308 alias

266 1351 336 1435 cepi
347 1348 370 1415 ⁹.
416 1347 545 1414 Certum
570 1372 618 1414 me
642 1350 751 1414 reddas
774 1351 838 1415 tuis
861 1351 990 1436 scriptis
1013 1350 1121 1434 sepius
1144 1353 1176 1414 et
1198 1347 1416 1414 valetudinem

266 1459 355 1520 tuam
370 1455 501 1520 omnino
516 1454 666 1519 intimare
681 1476 744 1519 non
760 1461 943 1539 postponas.
990 1454 1173 1522 Custodiam
1190 1456 1334 1538 corporis
1352 1453 1416 1536 hijs

267 1560 463 1645 temporibus
486 1561 601 1625 bonam
622 1561 791 1639 adhibeas,
823 1563 911 1626 nesi
935 1567 967 1626 ta
989 1561 1098 1647 aliquo
1126 1561 1237 1627 morbo
1260 1559 1353 1645 gravi
1379 1593 1418 1604 «-

266 1666 349 1750 quod
383 1665 466 1730 absit
503 1701 537 1712 -
574 1670 721 1750 egrotare
752 1666 967 1752 contingeret,
1003 1673 1040 1732 ut
1070 1668 1191 1752 absque
1227 1684 1345 1747 magno
1369 1663 1415 1728 la·

267 1773 343 1836 bore
356 1819 470 1837 ......
497 1769 620 1856 [bricht
643 1772 697 1854 ab]

735 1917 945 1932 Μ-

811 2097 871 2169 56.

265 2226 459 2300 Hermann
487 2224 640 2300 Schedel
674 2249 722 2300 an
745 2226 960 2299 Hartmann
989 2223 1154 2298 Schedel.
1201 2225 1418 2321 [Augsburg

689 2349 787 2422 1464
820 2348 915 2444 april
939 2348 988 2448 u]

498 2506 561 2560 olm.
582 2503 634 2560 224
651 2504 671 2562 f.
691 2507 722 2560 71
742 2504 854 2574 einlage
873 2504 906 2559 in
924 2519 1012 2562 verso.
1049 2503 1179 2574 concept

380 2627 683 2714 Bemthungen
716 2652 775 2694 um
807 2626 1110 2693 medicinische
1134 2627 1297 2694 bucher.

352 2770 472 2836 Patrue
494 2772 665 2836 carissime.
712 2769 862 2835 Proxima
885 2768 1129 2854 quadragesima
1145 2768 1253 2852 elapsa
1275 2789 1363 2834 meas
1378 2770 1415 2833 ad

264 2884 296 2944 te
319 2879 389 2943 dedi
413 2874 550 2942 literas⁸
574 2899 646 2942 curn
660 2875 810 2941 missione
834 2873 1031 2959 quorundam
1055 2871 1249 2938 libellorum.
1288 2871 1415 2949 Nescio,

264 3005 304 3048 an
328 2984 365 3048 ad
390 2988 460 3047 tuas
484 2988 698 3066 pervenerunt
731 3002 861 3060 manus,
895 2979 1030 3063 posthac
1053 2980 1142 3043 nulla
1164 2979 1231 3062 a(d)
1256 2985 1288 3044 te
1311 2979 1416 3062 recepi

264 3089 384 3172 scripta
406 3109 463 3154 nec
486 3092 619 3171 patruus
642 3092 750 3152 noster
765 3086 902 3164 Marcus,
925 3107 995 3151 cum
1013 3106 1078 3170 quo
1096 3082 1319 3166 Nuremberge
1341 3105 1414 3149 con·
1532 3155 1533 3162 ἵ

264 3192 420 3257 stituebar
443 3194 475 3256 in
493 3193 574 3257 festo
590 3191 780 3256 ostensionis
796 3189 1006 3274 reliquiarum
1025 3185 1123 3276 [april
1141 3187 1211 3272 13].
1258 3187 1414 3252 Miramur
1532 3207 1533 3266 3

264 3318 372 3362 omues
402 3297 440 3362 de
462 3297 615 3362 tarditate
637 3293 814 3372 scribendi,
841 3314 911 3358 cum
935 3293 968 3356 iu
992 3293 1060 3357 dies
1083 3291 1189 3374 nuncij
1214 3292 1340 3375 copiose
1363 3314 1413 3357 oc·
1532 3299 1533 3314 ³

265 3408 405 3468 currant.
453 3401 561 3468 Habui
585 3400 775 3467 scrutinium
799 3397 959 3463 sufficiens
975 3399 1013 3462 de
1036 3398 1128 3461 libris
1151 3397 1306 3462 medicine
1328 3417 1413 3462 com·
1532 3393 1533 3434 ⁷

263 3509 412 3593 parandis
428 3505 659 3590 Nuremberge,
683 3506 738 3592 qui
757 3526 913 3589 nusquam
928 3503 1057 3567 venales
1072 3501 1328 3586 reperiebantur,
1351 3501 1412 3567 sal·
1532 3485 1533 3524 ³

263 3619 328 3679 tem
351 3614 485 3679 alicuius
509 3613 634 3678 valoris.
682 3611 822 3694 Expecto
846 3609 899 3674 hic
914 3608 1061 3694 Auguste
1075 3609 1246 3674 adventum
1271 3628 1412 3693 quorun-

263 3721 345 3799 dam,
367 3720 422 3804 qui
441 3740 511 3785 cum
528 3717 709 3801 conspectui
723 3736 794 3780 meo
806 3715 1088 3798 presentabantua
1105 3712 1297 3799 singillatim
1314 3712 1414 3796 scrip·

264 3827 306 3890 tis
328 3846 399 3891 cum
424 3823 568 3908 proximo
599 3826 785 3887 occurrente
816 3819 981 3884 intimabo.
1037 3818 1178 3883 Adhibui
1205 3839 1316 3883 revera
1338 3817 1411 3882 hac-

263 3938 355 3996 tenus
377 3930 411 3993 in
434 3929 513 4013 ipsis
537 3925 756 4011 comparandis
772 3946 901 4008 operam
924 3923 1096 4001 meliorem,
1121 3943 1215 4007 quam
1239 3923 1332 4006 potui
1356 3923 1413 4006 (et)

262 4057 320 4103 nec
341 4036 447 4101 minus
469 4033 503 4097 in
526 4034 668 4098 futurum
692 4030 816 4096 faciam.
863 4031 991 4094 Certum
1015 4032 1047 4091 te
1069 4029 1107 4092 de
1125 4028 1185 4110 hijs
1212 4033 1244 4091 et
1266 4027 1414 4092 omnibus

262 4140 428 4225 oportunis
452 4138 578 4204 reddam
602 4157 724 4220 semper
747 4135 875 4218 scriptis
899 4134 987 4199 meis.
1036 4132 1125 4198 Vale.

830 4257 847 4295 l*

334 4369 346 4421 l
367 4367 393 4421 S.
410 4364 595 4421 scartsbellur
613 4363 656 4417 bei
677 4362 719 4416 Du
738 4360 840 4430 (langa,
860 4359 982 4414 Glossar.
1099 4358 1116 4410 2
1138 4356 1200 4424 Vgl.
1219 4357 1289 4411 oben
1309 4373 1350 4411 nr.
1375 4358 1411 4409 14.

262 4456 324 4511 td.
344 4471 386 4510 nr.
404 4455 447 4510 55.

733 4583 942 4594 —-—-·---
