3092 5244
802 440 865 506 100

256 624 288 683 et
311 615 521 682 sanctimonia
553 638 676 681 morum
707 620 739 680 et
765 620 912 700 preterea
941 614 1136 699 optimarum
1160 614 1278 678 artium
1303 613 1408 677 studio

257 743 481 807 sacrarumque
502 720 669 787 literarum
685 722 833 788 doctrina
855 719 928 797 fuit,
951 722 989 784 ut
1004 718 1119 784 ceteris
1136 717 1237 782 ferme
1261 719 1410 783 omnibus

256 827 438 913 prepositus
459 825 569 908 luerit,
592 828 751 912 ignaviam
777 830 883 910 ssatqne
905 824 1144 908 perversitatem
1168 846 1277 890 eorum
1300 823 1409 907 cupie-

258 936 313 1000 bat
336 931 525 1018 refringere,
549 933 603 1018 qni
626 933 734 999 studia
760 930 970 998 humanitatis
993 930 1188 1014 vituperant.
1234 928 1360 1012 Nempe
1376 933 1411 992 ut

258 1039 370 1124 plante
392 1039 524 1124 propria
546 1038 648 1104 virtus
671 1041 737 1118 est,
771 1036 913 1102 fructum
937 1036 1119 1120 producere,
1142 1034 1281 1098 afferunt
1305 1042 1410 1098 tamen

257 1146 396 1231 aliquem
418 1150 567 1210 ornatum
589 1144 715 1209 frondes
731 1143 800 1226 ipsc
819 1143 903 1208 circa
925 1161 1029 1206 ramos
1049 1139 1172 1217 diffuse,
1196 1139 1243 1204 ita
1265 1139 1410 1222 prolecto

259 1255 291 1315 et
314 1250 418 1315 anime
442 1248 612 1333 precipuus
635 1248 765 1333 quidam
794 1247 919 1312 fructus
950 1251 998 1310 est
1020 1245 1147 1311 veritas.
1194 1242 1268 1308 Non
1291 1245 1411 1308 inama-

260 1377 335 1421 num
359 1360 465 1420 tamen
489 1359 547 1432 cst,
571 1354 628 1418 beo
650 1360 802 1418 extranea
824 1350 1021 1418 circumdari
1044 1350 1219 1434 sapientia,
1247 1371 1308 1434 que
1331 1353 1411 1414 tam·

260 1482 356 1545 quam
378 1460 505 1526 frondes
530 1460 663 1544 quedam
687 1464 719 1523 et
741 1455 888 1544 fructu[i]
913 1468 1040 1542 tegmen
1067 1455 1199 1541 prebeat
1221 1463 1253 1519 et
1276 1456 1410 1539 speciem

260 1566 459 1631 intuentibus
487 1564 636 1630 leciorcm
667 1564 824 1629 ostendat.
879 1561 948 1628 Hoc
981 1562 1094 1626 fecisse
1126 1562 1244 1628 scimus
1281 1561 1411 1647 Moysen

262 1671 355 1736 illum
378 1692 501 1735 summa
524 1669 695 1753 prudentia
717 1669 833 1747 virum,
856 1668 945 1734 cuius
968 1672 1046 1751 aput
1065 1688 1173 1732 omnes
1189 1672 1301 1753 gentes
1324 1687 1413 1751 mag-

261 1799 338 1842 num
362 1780 410 1841 est
433 1777 466 1840 in
490 1774 649 1859 sapientia
672 1796 798 1853 nomen,
822 1773 955 1858 quinon
973 1773 1062 1857 prius
1084 1773 1122 1837 ad
1146 1774 1196 1839 dei
1218 1776 1412 1858 contemple-

262 1883 385 1948 cionem
405 1880 547 1958 accessit,
572 1901 668 1964 quam
692 1881 725 1943 in
741 1879 946 1962 Egiptiorum
962 1877 1141 1961 disciplinis
1162 1884 1299 1945 mentem
1324 1901 1412 1946 exer·
1528 1889 1529 1908 .

262 1988 387 2053 unisset.
433 1984 583 2051 Huncin
607 1985 734 2050 modum
758 1983 856 2048 eciam
879 1982 1098 2048 sanctissimus
1120 1984 1279 2069 prophete
1300 1983 1415 2050 Daniel

263 2093 368 2160 facere
393 2113 456 2158 non
480 2091 673 2176 dedignatus
696 2088 793 2154 fuisse
816 2089 949 2154 videtur.
996 2088 1177 2174 Antequam
1203 2089 1286 2154 enim
1310 2111 1414 2156 sacras

263 2199 390 2263 volebat
420 2196 530 2280 egredi
554 2195 683 2274 literas,
716 2195 806 2278 prius
835 2194 948 2277 lingua
979 2195 1088 2260 caldea
1109 2200 1187 2279 aput
1212 2194 1414 2261 Babiloniam

264 2303 441 2388 gentilibus
465 2301 570 2387 poetis
592 2322 723 2386 operam
745 2299 990 2383 diligentissime
1013 2300 1108 2365 dedit.

360 2406 401 2472 Et
425 2428 616 2492 quamquam
649 2406 708 2470 hec
740 2428 791 2470 ars
829 2406 1065 2491 poeticarum,
1102 2409 1139 2471 ut
1165 2408 1294 2487 scribis,
1326 2414 1415 2475 extre

266 2512 374 2578 Ytalie
407 2516 514 2597 partes
548 2511 742 2577 domicilium
776 2511 913 2591 babeat,
947 2533 1011 2576 nou
1034 2513 1155 2596 poesim
1181 2516 1230 2578 set
1257 2517 1415 2601 principes

261 2621 374 2703 'pocius
409 2639 526 2702 argue,
564 2617 679 2701 quibus
714 2617 946 2683 levissimarum
984 2639 1090 2682 rerum
1123 2619 1226 2683 maior
1259 2625 1307 2685 est
1340 2643 1415 2687 cura

266 2746 361 2809 quam
391 2723 566 2789 literarum.
612 2721 711 2807 Spero
734 2725 862 2801 tamen,
896 2726 928 2787 et
959 2723 992 2787 in
1019 2723 1190 2788 Germania
1224 2727 1343 2809 poesim
1366 2728 1414 2793 fu·

266 2835 392 2909 turam,
427 2829 503 2913 quia
534 2839 566 2893 et
589 2828 666 2893 olim
698 2828 756 2893 beo
788 2832 897 2893 nostra
927 2833 1013 2893 terra
1033 2829 1119 2894 viros
1146 2830 1254 2895 doctos
1276 2833 1364 2912 emit,
1386 2839 1417 2898 et

266 2937 330 3000 iam
346 2935 515 3018 plerosque
533 2955 627 2999 nosco
643 2935 766 3000 dicendi
782 2934 913 3018 peritos,
937 2935 993 3019 qui
1009 2934 1222 3020 eloquentiam
1239 2935 1325 3001 inter
1340 2937 1417 3003 Ger-
1527 2919 1528 2956 ³

268 3061 379 3106 manos
402 3037 533 3103 cottidie
549 3037 718 3117 seminant,
741 3061 800 3104 nec
816 3038 938 3121 poesim
955 3038 1102 3103 inutilem
1125 3045 1237 3105 rentur
1252 3039 1272 3104 ¹.
1307 3041 1418 3108 Sciunt

268 3146 374 3225 enim,
407 3166 445 3207 ex
468 3165 504 3208 ea
526 3143 699 3208 maximum
723 3144 815 3228 gigni
839 3145 997 3223 fructum,
1024 3149 1062 3208 ut
1085 3145 1259 3211 cottidiana
1280 3148 1419 3212 ostendit

267 3247 477 3334 experienda,
500 3247 533 3312 in
556 3269 689 3335 magnos
720 3249 806 3332 ipsos
827 3249 957 3314 evadere
979 3251 1075 3330 viros,
1102 3272 1181 3335 quos
1211 3252 1281 3334 ipsa
1303 3253 1419 3319 imbuit

268 3352 387 3433 Ytalia,
403 3359 436 3418 ct
451 3376 470 3418 a
487 3353 603 3439 quibus
619 3354 759 3420 omnium
777 3355 986 3421 scienciarum
1001 3355 1242 3435 adornatricem‚
1266 3356 1417 3443 eloquen-

268 3460 359 3539 ciam,
383 3458 569 3537 hauserunt,
594 3459 683 3524 cuius
699 3459 852 3544 splendor
867 3461 915 3525 ite
931 3461 1057 3545 legibus
1081 3466 1112 3525 et
1128 3463 1302 3527 canonibus
1324 3466 1419 3530 sacris

268 3569 464 3630 commentus
488 3569 545 3644 est,
569 3567 606 3629 ut
623 3563 774 3650 quicquid
795 3565 934 3630 humano
956 3565 1085 3650 ingenio
1113 3568 1347 3652 suscipiendum
1364 3574 1419 3651 cst,

270 3669 335 3734 eive
358 3669 541 3752 religiosum
566 3669 690 3754 aliquid
706 3670 772 3734 sive
787 3669 912 3755 legibus
928 3670 1199 3754 comprehensum,
1222 3673 1283 3736 nisi
1300 3681 1419 3754 ornate,

270 3774 395 3858 copiose
421 3778 453 3838 et
476 3773 580 3838 lucide
603 3778 635 3839 et
650 3776 788 3859 propriis
807 3775 912 3840 verbis
928 3797 965 3840 ac
981 3776 1212 3842 sufficientibus
1235 3779 1418 3862 explicitum

141 3877 144 3880 ’
270 3879 376 3957 fuerit,
401 3878 588 3942 inauribus
618 3879 738 3963 quippe
769 3880 886 3944 nostris
919 3880 1090 3945 absurdum
1121 3880 1327 3967 odiosumque
1350 3906 1418 3969 per·

270 3986 398 4070 cipitur.
444 3982 528 4048 Vere
556 4021 592 4032 -
623 3987 660 4048 nt
683 3984 793 4068 paucis
817 4007 868 4050 mc
891 3986 1053 4051 absolvam
1069 4022 1109 4034 -
1127 3987 1158 4050 id
1183 3988 1287 4052 dicere
1309 3991 1418 4066 ausim,
1526 4015 1527 4060 1

269 4092 391 4158 nnllam
413 4091 465 4155 vel
488 4090 673 4156 lacialtatcm
695 4091 747 4155 rel
769 4090 939 4156 scienciam
962 4089 1013 4154 vel
1034 4089 1159 4155 vivendi
1176 4092 1274 4157 ritum
1297 4097 1331 4158 in
1346 4117 1417 4161 ocu·

269 4196 310 4261 lis
332 4196 497 4262 bominum
520 4195 687 4279 splendere
710 4217 815 4279 posse,
839 4197 894 4282 qui
917 4196 1100 4282 eloquencia
1122 4198 1269 4262 caruerit.

837 4339 854 4372 il·

343 4442 355 4494 1
375 4438 441 4510 Vgl.
458 4439 514 4495 den
532 4439 605 4494 brief
621 4438 669 4495 des
688 4439 769 4494 Euae
787 4438 874 4496 Silvio
893 4455 931 4494 en
949 4437 1083 4494 Wilhclm
1103 4456 1129 4495 v.
1148 4438 1226 4494 Stcin
1246 4439 1299 4510 [nr.
1314 4443 1359 4497 111
1374 4439 1420 4492 der

270 4525 452 4596 Nfirnberger
470 4526 612 4597 ausgabcl,
631 4525 681 4580 der
698 4525 759 4581 hier
777 4525 894 4581 bendtat
911 4525 956 4608 ist.
