3092 5244
824 427 866 490 96

265 601 365 667 tuas¹
387 604 586 690 aliorumque
608 604 750 669 virorum
774 603 914 689 insignes
931 602 1036 666 videre
1058 602 1180 682 literae,
1206 625 1285 689 quas
1309 604 1418 686 paucis

265 708 393 774 refluxis
417 710 525 776 diebus
549 711 639 774 binas
662 732 681 773 e
702 709 792 774 vobis
814 708 930 792 accepi,
955 708 987 770 in
1012 707 1129 793 quibus
1154 729 1210 772 vos
1232 709 1419 773 incolomem

266 815 591 901 prestantissimisque
607 814 684 878 viris
706 813 907 878 coniunctum
926 833 992 876 esse
1008 811 1164 891 intellexi,
1189 834 1225 877 eo
1250 814 1418 897 presertim

266 914 345 1000 loeo,
370 942 433 1005 quo
456 921 571 986 nedum
595 920 756 997 honorem,
782 923 832 982 set
848 921 879 981 et
903 915 1080 1000 profectum
1097 920 1260 999 reportare
1283 919 1418 1001 potestis

265 1045 448 1108 operosum,
479 1026 573 1090 aliter
603 1023 802 1089 fructuosum
831 1028 887 1087 ant
909 1021 1106 1087 uberrimum
1119 1019 1141 1086 Β.
1191 1021 1301 1088 Nostis
1325 1023 1418 1103 enim,

266 1130 444 1214 complures
477 1129 590 1196 multis
623 1130 797 1196 honoribus
829 1133 860 1192 et
892 1127 1016 1210 divioijs
1044 1133 1156 1192 nostra
1180 1133 1264 1192 etate
1286 1129 1422 1212 stipatos

271 1237 431 1301 evasisse.
451 1286 457 1299 .
475 1287 482 1300 .
501 1286 507 1300 .
523 1234 536 1272 ⁸
552 1257 609 1300 nec
632 1236 736 1300 minus
759 1235 899 1300 arridere
930 1234 1018 1300 vobis
1040 1233 1202 1299 fortunam
1225 1235 1422 1320 predecesso-

267 1343 355 1406 ribus
378 1342 492 1406 restris
515 1363 622 1425 spero,
673 1341 822 1425 Magnam
846 1339 996 1404 habetote
1019 1338 1164 1403 fiduciam
1188 1340 1221 1403 in
1235 1337 1421 1426 Jo[anuem]

268 1445 371 1510 Rutu*
395 1447 499 1511 virum
522 1446 755 1530 dignissimum,
779 1445 867 1510 ouius
893 1445 977 1508 fama
1000 1445 1099 1510 eciam
1116 1448 1195 1528 aput
1218 1466 1275 1510 nos
1299 1447 1332 1510 in
1356 1447 1421 1510 dies

267 1551 427 1616 accrescit.
474 1548 542 1615 Nec
557 1551 649 1633 eopia
664 1551 798 1614 secunde
815 1549 898 1613 dicte
910 1545 1115 1612 Wiennensis
1131 1553 1202 1630 etc,
1217 1554 1254 1613 ut
1269 1550 1421 1628 scribitis,

270 1657 308 1722 ad
334 1679 383 1720 me
407 1656 604 1738 permiscet,
628 1677 723 1740 quam
737 1675 936 1736 summopere
957 1674 1104 1737 euperem
1119 1655 1227 1719 videre
1243 1676 1301 1719 nee
1316 1655 1420 1720 miuus

272 1768 304 1826 et
320 1762 570 1846 elegantissimas
586 1783 658 1826 suas
675 1759 835 1845 epistulas.
859 1758 991 1842 Peroepi
1008 1760 1107 1824 sciam
1123 1782 1177 1824 vos
1193 1781 1259 1824 esse
1274 1782 1418 1845 assump-

268 1873 337 1932 tum
364 1872 397 1931 et
420 1867 616 1931 nominatum
642 1867 673 1929 iu
695 1866 880 1930 canonicum
904 1865 1006 1929 sancti
1029 1865 1176 1948 Maurieij
1202 1888 1259 1949 per
1287 1873 1420 1931 mortem

268 1974 298 2037 d.
315 1971 482 2036 Wilhelmi
499 1970 713 2056 Weynmanm
737 1993 794 2034 nee
817 1991 897 2052 opus
921 1977 969 2034 est
985 1975 1100 2035 cuncta
1122 1971 1278 2037 refellere.
1319 1971 1419 2037 Credo

268 2078 465 2144 sufficienter
488 2098 542 2141 vos
565 2077 771 2141 informatum
788 2096 872 2139 nunc
893 2097 931 2138 ex
953 2076 1082 2159 seriptis
1098 2077 1272 2141 amicornm
1296 2083 1328 2142 et
1350 2078 1418 2141 lau-

269 2189 376 2248 torum
397 2185 593 2261 vestrorum,
618 2186 649 2245 et
673 2181 699 2244 si
731 2180 807 2265 quid
830 2179 1031 2244 adversitatis
1059 2181 1245 2260 habueritis,
1272 2221 1311 2228 —
1337 2184 1419 2268 quod

270 2309 332 2354 non
356 2287 447 2352 eredo
465 2323 502 2332 —
521 2308 584 2352 non
606 2285 747 2368 parui[!]
771 2285 945 2350 adiumenti
960 2286 992 2348 iu
1010 2286 1120 2352 dandis
1135 2288 1276 2371 oonsilijs
1299 2294 1331 2352 et
1346 2288 1416 2372 alijs
1531 2279 1532 2292 ¹

269 2416 287 2458 a
320 2392 445 2478 prefato
480 2391 607 2456 domino
628 2389 773 2474 Jo[anni]
807 2388 871 2454 Rot
903 2389 1020 2454 habere
1051 2393 1210 2474 poteritis.
1265 2392 1418 2477 Cuperem

269 2502 384 2564 cuncta
405 2497 444 2561 ad
467 2499 580 2561 nutum
604 2494 693 2559 vobis
708 2515 773 2558 non
789 2494 903 2571 miuus,
928 2515 1023 2578 quem
1036 2496 1118 2560 mihi
1133 2499 1308 2564 succedere.
1344 2497 1420 2570 llor-

269 2610 334 2670 tem
357 2604 441 2668 eninr
465 2608 497 2667 et
520 2605 715 2667 constantem
740 2621 806 2664 esse
828 2599 862 2664 in
878 2599 941 2682 hijs
957 2600 1096 2666 adversis
1118 2603 1217 2683 (lecet,
1241 2625 1297 2668 nec
1312 2605 1418 2670 animo
1529 2617 1531 2632 ·

270 2731 325 2775 vos
348 2712 493 2787 moveat,
524 2707 550 2770 si
583 2707 639 2791 qui
663 2705 851 2791 quandoque
880 2705 1022 2771 malivoli
1055 2710 1159 2774 verbis
1182 2710 1343 2776 iniuriosis
1368 2731 1419 2774 vos

271 2819 427 2900 pungant.

840 2902 858 2940 s

271 2989 386 3058 Stengel
410 2988 479 3042 noch
506 2984 551 3039 bei
568 2984 690 3039 Kbemm
717 2983 901 3039 nachweisen.
944 2983 1088 3054 Datirung
1113 2984 1161 3039 der
1181 2985 1266 3042 briels
1284 2987 1356 3042 nach
1374 2987 1422 3043 cler

272 3075 435 3130 erras-huten
454 3072 575 3128 secunda
594 3071 673 3125 dieta
693 3071 865 3136 Viennensis,
884 3072 957 3128 wohl
977 3072 1026 3129 der
1043 3072 1166 3143 lendtsg
1184 3091 1248 3130 vom
1266 3075 1423 3144 september
1529 3069 1530 3104 l

273 3163 341 3217 1462
373 3179 394 3216 s.
414 3161 594 3226 Bachmnn,
622 3157 813 3228 Reichsgesch.
843 3159 865 3223 Ι,
883 3161 943 3217 310.
988 3160 1144 3216 ledenfslls
1168 3162 1305 3218 nwischen
1328 3181 1372 3218 nr.
1389 3163 1421 3217 41

272 3249 327 3303 “nd
344 3249 460 3392 irioiriit
478 3334 618 3388 durohaus
638 3349 717 3388 »vos«
739 3333 782 3386 ele
795 3333 906 3400 amede,
925 3335 1005 3389 aueh—
1016 3335 1076 3390 hier
1093 3336 1124 3389 in
1142 3335 1232 3392 einem
1251 3340 1345 3392 ersten
1364 3341 1424 3394 ent·

276 3423 352 3478 wurf
362 3423 415 3478 auf
425 3421 583 3478 demselben
595 3421 687 3476 blatto
701 3423 850 3476 »vestras«.
896 3423 913 3475 2
926 3422 1019 3477 Erater
1031 3423 1164 3477 antwurf:
1185 3423 1424 3481 »vosincolumem
1528 3449 1529 3494 r

272 3514 342 3582 aput
361 3511 385 3564 d.
406 3515 533 3567 nostrum
551 3509 750 3578 imperatorem
778 3508 855 3564 etin
873 3510 932 3565 eius
951 3509 1120 3565 cancellaria
1147 3512 1252 3567 versari
1271 3513 1374 3567 mirum
1393 3514 1421 3567 in

271 3600 500 3656 modum'letors.
555 3599 571 3652 3
589 3595 791 3665 Abgebroehen
811 3599 868 3652 und
886 3598 925 3652 im
935 3599 1070 3654 nachsten
1088 3600 1185 3654 absatz
1206 3600 1259 3654 mit
1277 3603 1419 3656 construc-

271 3687 495 3756 tionsanderung
513 3685 615 3741 wieder
635 3683 861 3753 aufgcnommen,
881 3687 953 3741 ohne
971 3687 1035 3741 dass
1050 3687 1100 3741 des
1116 3687 1342 3757 vorhergehende
1360 3692 1420 3744 ent·

274 3775 428 3845 spreohend
447 3772 578 3843 corrigirt
595 3779 677 3829 ware.
749 3775 849 3844 evgl.
869 3774 1078 3839 Joachimsohn‚
1103 3774 1336 3846 Heimbur3106.
1372 3775 1425 3834 Rot

276 3879 331 3916 wer
349 3862 420 3917 auch
439 3861 620 3930 Augsburger
639 3860 768 3916 domherr
786 3879 807 3916 s.
826 3859 956 3932 Stengel‚
983 3863 1182 3918 commentarii
1201 3880 1253 3918 rer.
1272 3863 1345 3932 Aug.
1366 3863 1424 3918 vin·

274 3949 327 4004 del.
342 3949 383 4004 38.
416 3948 546 4002 Dsdureh
560 3946 668 4002 erklltrt
681 3946 739 4000 sich
757 3950 831 4002 aeine
849 3949 1040 4019 bezeichnnng
1058 3950 1101 4004 als
1114 3950 1299 4019 Angustensis
1316 3951 1347 4005 in
1360 3950 1425 4006 Tro·

214 4051 215 4054 ’
273 4039 344 4092 sters
370 4036 465 4103 dialog
483 4035 528 4090 bei
546 4033 683 4100 Duellius,
703 4034 884 4091 Miscellanea
897 4037 918 4103 Ι,
937 4037 997 4094 228.
