3106 5252
813 419 854 482 36

805 698 862 770 15.

258 839 434 912 Wilhelm
463 863 497 911 v.
514 838 727 912 Reichenau
755 834 1031 930 anSigismund
1054 836 1310 932 [Gessembrot
1338 837 1409 908 den
1523 928 1524 936 ἵ

431 963 645 1058 jungerem]
700 958 831 1032 Padua
863 957 959 1032 1458
995 961 1078 1054 [vor
1100 959 1186 1058 juli]
1202 959 1224 1032 ¹.

448 1116 512 1170 clm.
531 1115 583 1170 504
600 1117 619 1172 f.
639 1114 698 1170 396.
720 1112 863 1168 Abscbrift
882 1113 1049 1168 Hartmann
1067 1113 1206 1170 Schedels.

256 1240 559 1308 Nnchrichten
590 1261 669 1306 von
710 1241 841 1305 seiner
872 1239 1081 1326 geliebten
1112 1242 1153 1305 in
1189 1241 1411 1324 Augsburg

642 1346 720 1410 und
747 1347 863 1410 deren
886 1345 1017 1411 kinde.

346 1487 457 1553 Amice
465 1508 501 1552 ac
513 1486 614 1550 freter
622 1485 815 1565 suavissime,
831 1492 903 1550 tuas
914 1487 1147 1552 nudiustercius
1163 1485 1269 1569 accepi
1285 1485 1405 1551 missas.

257 1593 330 1677 Hijs
346 1592 436 1657 lectis
452 1597 485 1656 et
501 1592 597 1656 timor
613 1595 645 1655 et
661 1591 774 1675 ingens
789 1590 925 1676 dolor(e)
941 1592 1118 1676 permixtus
1133 1591 1240 1655 subito
1256 1591 1408 1668 invasere,

258 1699 403 1783 equidem
434 1719 507 1762 cum
537 1700 632 1781 poeta
658 1696 762 1760 dicere
792 1717 937 1779 possum:
977 1693 1156 1778 »Obstupui
1185 1699 1408 1778 steteruntque

261 1804 374 1883 crines,
398 1823 459 1868 vox
479 1801 626 1866 faucibus
649 1801 763 1867 hesit<
812 1801 945 1866 Demum
963 1800 1129 1866 recollecto
1153 1801 1185 1864 in
1201 1801 1284 1864 vires
1300 1799 1406 1864 animo

258 1907 376 1972 defixos
398 1906 526 1989 longius
552 1905 586 1970 in
618 1910 738 1971 terram
768 1906 876 1972 oculos
898 1908 1026 1972 tandem
1049 1907 1144 1986 erexi,
1168 1904 1319 1970 nuncium
1344 1905 1409 1969 sin·

259 2013 343 2097 gulis
367 2012 404 2076 de
427 2011 522 2075 rebus
556 2009 708 2093 rogitans.
765 2009 796 2074 Is
820 2010 962 2075 seriatim
993 2032 1052 2094 pro
1081 2032 1173 2095 posse
1195 2012 1301 2076 omnia
1325 2032 1410 2075 eorn-

261 2117 459 2183 memorabat
483 2120 515 2180 et
537 2115 681 2199 profecto
704 2116 837 2179 dolenda
859 2116 963 2195 nimis,
986 2115 1020 2179 ni
1044 2118 1134 2180 tuum
1157 2116 1217 2180 hac
1240 2117 1272 2179 in
1296 2138 1331 2180 re
1346 2118 1411 2180 tuis

263 2246 300 2288 er
323 2221 452 2306 scriptis
470 2241 506 2286 ac
529 2221 615 2285 dicto
631 2220 737 2304 nuncij
762 2221 839 2288 adeo
854 2220 952 2284 fidum
977 2223 1140 2284 sensissem
1157 2222 1310 2286 animum.
1348 2219 1409 2286 Ve-

260 2352 331 2394 rum
355 2335 411 2394 tua
433 2327 510 2392 fides
541 2347 793 2411 permagnopere
816 2350 866 2393 me
890 2326 1077 2406 delectabat,
1101 2331 1138 2390 ut
1165 2348 1280 2406 meror,
1304 2325 1410 2392 luctus

259 2435 396 2520 denique
418 2433 521 2498 omnis
536 2432 656 2515 raptim
671 2432 910 2512 evanescebant,
932 2453 1056 2496 mecum
1072 2433 1140 2515 ipse
1154 2432 1324 2497 volutans:
1348 2431 1411 2496 Cur

259 2539 484 2605 formidulosus
512 2560 563 2616 es,
595 2538 672 2621 quid
694 2540 784 2602 tutus
806 2538 910 2616 times,
934 2559 1005 2602 eum
1030 2535 1270 2620 Sigismundurn
1294 2537 1411 2602 habeas

260 2651 368 2725 tuum,
392 2645 447 2729 qui
469 2645 502 2708 in
526 2643 586 2708 hoe
609 2643 670 2708 tibi
693 2665 730 2708 ac
745 2644 859 2708 ceteris
881 2643 946 2707 tuis
961 2643 995 2705 in
1018 2641 1159 2727 negocijs
1174 2663 1298 2725 semper
1320 2643 1409 2707 adiu-

260 2755 367 2816 mento
396 2753 465 2814 erat
498 2755 593 2834 teque
616 2770 788 2833 numquam
813 2748 952 2826 deseret,
985 2769 1043 2812 nec
1065 2747 1169 2811 minus
1191 2768 1250 2829 pro
1273 2751 1329 2810 tuo
1353 2747 1410 2811 bo-

260 2855 380 2921 honore
403 2877 440 2920 ac
461 2856 580 2920 tuenda
602 2855 781 2938 dignitate,
812 2875 908 2938 quam
931 2853 1063 2937 propria
1091 2853 1194 2916 salute
1216 2853 1353 2918 certabit
1377 2858 1410 2917 et

259 2961 359 3026 ferme
382 2959 546 3037 duellabit,
569 2960 596 3024 si
619 2981 699 3042 opus
722 2963 780 3023 est.
826 2957 899 3023 Non
924 2959 1009 3023 enim
1030 2961 1150 3022 temere
1172 2959 1298 3036 scribo,
1330 2959 1412 3022 sensi
1526 3023 1527 3044 ,

260 3066 415 3150 equidem,
439 3065 521 3129 sensi
544 3065 649 3144 fidem,
672 3063 874 3148 diligentiam
897 3085 932 3129 ac
955 3063 1118 3148 integrum
1141 3064 1174 3127 in
1196 3086 1246 3128 me
1269 3086 1409 3130 amorem

261 3176 363 3249 tuum,
387 3173 435 3234 set
459 3169 536 3253 quid
558 3168 697 3252 amplius
720 3167 903 3233 faciundum
919 3169 973 3248 sit,
996 3168 1048 3233 hic
1063 3191 1153 3252 opus,
1180 3169 1232 3234 hic
1247 3169 1338 3234 labor
1354 3175 1412 3234 est.

260 3274 342 3340 Sane
365 3275 429 3338 tuis
448 3295 532 3338 nune
554 3271 746 3338 fidelissimis
761 3294 856 3358 egens
874 3293 950 3358 egeo
965 3273 1116 3357 consilijs.
1162 3272 1230 3340 Scis
1246 3275 1330 3338 euim
1349 3297 1410 3359 quo

261 3383 293 3444 iu
317 3385 403 3445 statu
426 3401 542 3458 verser,
566 3384 686 3463 quanta
709 3379 747 3442 de
769 3401 820 3442 me
843 3378 1040 3462 exspectacio
1057 3378 1223 3458 habeatur,
1247 3401 1283 3444 ac
1305 3379 1413 3463 qualia

261 3473 500 3569 exspectaturus
523 3483 610 3549 siem.
658 3480 703 3547 'Pe
725 3484 844 3548 etenim
868 3506 966 3548 unum
990 3483 1074 3548 nihil
1098 3485 1159 3549 mei
1189 3507 1341 3568 umquam
1365 3508 1412 3548 se-

261 3593 340 3656 creti
364 3591 474 3669 celavi,
497 3591 533 3654 tu
556 3589 632 3654 boni
653 3588 794 3671 malique
817 3589 902 3652 solus
925 3610 957 3652 es
980 3589 1133 3668 conscius,
1158 3611 1219 3672 que
1246 3596 1301 3654 tuo
1325 3591 1412 3654 clusa

260 3698 294 3761 in
317 3701 445 3780 pectore
475 3717 512 3760 ac
543 3693 669 3778 sepulta
692 3715 757 3758 csse
786 3693 887 3758 veluti
910 3694 943 3757 in
967 3693 1188 3782 adijmante(!)
1221 3694 1410 3781 scrulpta(!)

260 3802 392 3866 minime
414 3801 535 3865 dubito.
581 3799 685 3874 Quare
707 3821 747 3862 ne
770 3821 807 3862 ex
831 3798 1008 3863 scintillula
1030 3801 1151 3864 maiora
1175 3800 1302 3885 quidem
1327 3799 1411 3883 peri-

262 3906 333 3971 cula
356 3906 527 3986 incurram,
551 3909 588 3969 ut
610 3904 659 3968 illi
676 3903 861 3968 muliercule
884 3903 1051 3988 blandicijs
1066 3905 1255 3988 persuadeas
1271 3908 1303 3968 et
1319 3905 1412 3968 minis

261 4046 301 4060 -
318 4012 344 4075 si
361 4011 394 4076 id
409 4010 587 4076 consultum
605 4006 791 4074 videbitur²
810 4045 848 4056 -
868 4009 997 4073 inducas
1019 4010 1223 4074 vehementer
1246 4009 1350 4092 cupio,
1373 4031 1413 4072 ne

261 4118 354 4182 niodo
377 4117 485 4203 aliquo
507 4117 547 4182 ad
569 4138 620 4180 me
642 4115 759 4182 veniat.
807 4114 968 4190 Quantum
993 4117 1076 4180 enim
1094 4114 1229 4199 periculi
1254 4114 1317 4197 hijs
1334 4114 1410 4178 mibi

262 4222 459 4307 temporibus
475 4223 648 4302 induceret,
671 4219 784 4284 melius
800 4243 894 4305 quam
911 4222 1049 4286 scribere
1066 4226 1252 4306 promptum
1276 4225 1333 4301 est,
1357 4225 1411 4284 tuo

625 4337 629 4348 ¹
832 4330 850 4368 *

337 4416 349 4467 1
371 4412 487 4466 Zweiter
500 4411 569 4467 sohn
588 4412 636 4466 des
655 4410 886 4480 bdrgermeisters
905 4412 962 4481 vgl.
980 4413 1069 4466 unten
1087 4429 1127 4465 ur.
1141 4411 1183 4465 64.
1221 4413 1264 4463 An
1282 4410 1333 4464 ihn
1351 4408 1411 4464 sind

264 4499 309 4554 die
329 4499 401 4553 oben
420 4516 439 4550 s.
461 4499 506 4552 15¹
525 4498 687 4552 erwtbnten
709 4514 785 4554 verse
803 4497 976 4568 Rubenpecks
995 4498 1142 4568 gerichtet.
1196 4497 1282 4554 deod.
1304 4497 1412 4552 viderit.
