3106 5252
707 457 747 524 51

151 659 245 720 quam
263 636 475 712 institueram,
499 634 548 698 vir
572 632 762 711 doctissime,
778 633 883 696 literis
906 633 984 696 meis
1006 633 1162 710 caruistis,
1187 653 1222 695 eo
1238 633 1303 696 fac·

151 745 219 804 tum
243 761 308 804 esse
331 738 460 817 credite,
485 737 569 822 quod
591 759 647 821 spe
662 737 823 808 celerioris
852 737 1063 821 expeditionis
1087 737 1236 801 continuo
1253 760 1303 801 me

151 850 183 908 et
206 845 342 928 patriam
367 848 399 907 et
421 863 588 926 personam
613 848 746 907 vestram
776 841 952 906 reuisurum
967 841 1142 906 arbitratus
1164 863 1243 906 sum.
1267 841 1304 907 Id

149 971 221 1014 cum
244 970 317 1013 casu
342 949 478 1033 quodam
513 949 676 1033 insperato
708 948 924 1032 interceptum
959 945 1039 1010 mihi
1074 947 1117 1011 sit
1140 948 1303 1033 indiesque

150 1054 253 1138 magis
276 1076 312 1118 aa
335 1055 438 1138 magis
461 1054 584 1118 reditus
606 1054 670 1116 mei
693 1053 846 1118 incertior
861 1053 930 1131 sim,
954 1074 994 1116 ne
1010 1053 1109 1116 vestri
1132 1053 1166 1115 in
1188 1073 1239 1116 me
1254 1052 1304 1117 of-

149 1159 229 1242 ficij,
252 1159 359 1222 meriti
393 1165 426 1222 et
448 1157 653 1223 observanaie
686 1178 705 1220 a
738 1177 866 1242 quoquo
897 1157 1062 1220 immemor
1096 1156 1305 1242 ingratusque

149 1264 282 1330 iudicari
306 1264 437 1347 possim,
460 1263 581 1347 aliquid
599 1262 766 1327 literarum
791 1263 828 1326 ad
853 1283 908 1327 vos
931 1261 1067 1326 dandum
1092 1261 1209 1340 censui,
1233 1262 1304 1346 qui-

151 1369 208 1432 bus
230 1369 348 1452 partim
372 1369 461 1433 vobis
484 1369 649 1451 cognitum
674 1368 715 1432 iri
731 1368 837 1447 velim,
863 1390 925 1451 quo
944 1366 1053 1431 studio
1076 1371 1108 1431 et
1124 1367 1305 1450 diligencia,

149 1471 266 1557 quibus
301 1473 437 1559 deniqne
463 1471 584 1554 vigilijs
619 1471 790 1536 militantis
820 1470 1003 1536 monarchia
1040 1476 1142 1536 status
1175 1493 1211 1536 ac
1233 1473 1305 1556 dig·

148 1578 234 1642 nitas
259 1582 291 1642 et
313 1578 409 1642 armis
433 1582 464 1641 et
488 1577 612 1660 legibus
635 1577 794 1662 dirigatur
811 1577 832 1642 ¹.
871 1575 953 1672 'dam
969 1578 1086 1641 dudum
1105 1578 1190 1642 enirn
1207 1579 1303 1650 intel-

147 1683 263 1748 lexisse
292 1705 346 1748 vos
368 1683 527 1761 arbitror,
562 1682 815 1747 illustrissimum
838 1683 1064 1767 imperatorem
1095 1688 1241 1750 nostrum
1272 1685 1305 1748 in

148 1810 257 1874 regem
273 1787 415 1874 Ungaria
438 1789 571 1853 electum
595 1810 654 1872 per
677 1788 830 1873 quosdam
845 1809 883 1850 ex
907 1789 1144 1871 potencioribus
1168 1791 1304 1854 eiusdem

148 1893 242 1978 regni
274 1893 453 1972 comitibus,
487 1893 677 1975 baronibus,
712 1892 870 1957 militibus
893 1897 926 1958 et
949 1894 1123 1975 nobilibus,
1155 1896 1209 1981 qui
1234 1917 1305 1960 curn

147 1999 214 2062 suis
237 1998 452 2076 comitatibus,
476 1997 571 2062 terris
597 2001 630 2062 et
646 1997 793 2062 dominiis
810 2002 942 2083 totaque
958 2020 1068 2065 eorum
1088 2001 1235 2083 potencia
1250 2022 1306 2065 sue

148 2102 310 2185 imperiali
344 2104 504 2168 maiestati
536 2103 713 2182 adiutorio,
746 2104 865 2168 auxilio
898 2109 930 2168 et
958 2105 1091 2170 consilio
1123 2128 1155 2171 se
1182 2105 1307 2170 futuros

148 2207 289 2290 polliciti
311 2214 395 2290 sunt,
420 2231 482 2293 quo
506 2211 701 2275 commodius
724 2211 865 2276 eiusdem
891 2212 983 2296 regni
1007 2213 1235 2295 possessionem
1257 2218 1307 2276 at·

148 2335 213 2396 que
236 2312 421 2378 fidelitatem
454 2318 578 2400 potenti
613 2323 798 2401 armataque
830 2338 927 2381 manu
958 2318 1091 2400 adipisci
1114 2323 1210 2403 atque
1233 2319 1307 2383 sub-

148 2419 262 2502 iugarc
286 2426 391 2505 queat,
415 2422 572 2507 fidemque
601 2443 707 2487 eorum
732 2423 831 2486 secuti
848 2445 982 2488 unacum
1008 2424 1147 2487 exercitu
1170 2423 1308 2488 eiusdem

148 2525 176 2588 d.
203 2524 405 2607 imperatoris
427 2531 538 2592 contra
555 2527 710 2592 Mathiam
734 2528 771 2592 de
786 2526 919 2605 Huniat,
944 2549 981 2592 ex
1004 2527 1068 2591 alia
1090 2532 1182 2611 parte
1198 2549 1305 2612 regem

148 2634 344 2712 protensum,
369 2638 415 2696 et*
433 2633 500 2696 cius
524 2633 698 2696 exercitum
723 2632 886 2716 egregiam
918 2633 1084 2697 victoriam
1116 2653 1188 2696 cum
1211 2633 1308 2697 cartis

148 2736 263 2799 castris
286 2737 371 2819 parti
394 2742 470 2802 sunt
492 2759 652 2823 manuque
675 2737 765 2820 regia
788 2757 824 2802 ac
848 2737 925 2802 forti
943 2738 1093 2800 maiorem
1117 2737 1210 2819 regni
1232 2758 1307 2819 par-

148 2847 214 2904 tem
237 2840 422 2924 subiugasse
444 2863 507 2907 non
531 2842 743 2927 dubitabant,
768 2841 795 2905 si
818 2863 851 2906 se
876 2864 933 2924 per
957 2842 1093 2906 eundem
1116 2842 1146 2905 d.
1169 2841 1306 2924 impera-

148 2951 251 3010 torem
275 2946 414 3011 uberiori
437 2947 578 3012 subsidio
601 2947 772 3011 sensissent
792 2947 984 3012 consolatos.
1032 2943 1129 3010 Cuius
1152 2945 1307 3010 auxilium

148 3050 270 3114 diutius
298 3056 501 3134 expectantes
523 3051 671 3136 sibique,
696 3055 781 3116 terre
805 3058 836 3116 et
859 3050 1009 3134 dominijs
1033 3073 1145 3116 corum
1169 3049 1308 3135 proprijs

149 3155 293 3220 enormia
315 3157 453 3240 dampna
476 3179 515 3220 ex
538 3157 661 3222 diversa
682 3160 776 3240 parte
792 3157 884 3221 illata
899 3161 995 3240 atque
1010 3155 1176 3221 inferenda
1192 3157 1307 3220 timen-

149 3267 198 3325 tes
221 3263 263 3324 ob
286 3261 459 3325 tuicionem
475 3266 507 3326 et
524 3283 694 3345 corporum
710 3265 743 3326 et
759 3284 865 3326 rerum
882 3265 1076 3345 imperatore
1093 3261 1205 3325 relicto
1223 3261 1308 3343 parti

147 3367 278 3430 adverse
300 3367 427 3430 tandem
451 3367 545 3430 inviti
562 3388 594 3430 se
617 3368 847 3446 submiserunt,
872 3389 934 3453 quo
955 3366 1074 3432 factum
1099 3370 1155 3446 est,
1179 3369 1216 3429 ut
1239 3366 1307 3449 ipse

149 3473 178 3536 d.
204 3471 379 3554 imperator
401 3476 569 3556 tamquam
592 3473 758 3558 episcopus
781 3473 849 3536 sine
864 3473 1000 3557 dyocesi,
1024 3475 1133 3554 pastor
1149 3471 1217 3535 aine
1239 3471 1307 3535 ovi·

149 3576 246 3655 libus,
269 3577 365 3640 titulo
388 3578 479 3662 regni
505 3579 625 3662 absque
647 3577 846 3661 possessione
869 3581 901 3640 et
923 3576 1080 3640 fidelitate
1104 3597 1201 3640 vacuo
1218 3576 1305 3640 frua-

148 3687 214 3762 tur,
239 3682 653 3765 influencijs'celestialibus
676 3683 834 3766 astrisque
858 3682 1032 3766 plurimum
1048 3681 1115 3762 spei
1140 3701 1309 3762 reponens,

151 3808 287 3871 quorum
311 3789 458 3872 presagio
488 3789 593 3872 ipsum
625 3809 760 3872 regnum
792 3792 825 3851 et
848 3808 927 3870 pace
958 3791 990 3850 et
1013 3783 1252 3869 tranquillitate
1276 3807 1309 3848 se

149 3892 336 3955 habiturum
358 3893 499 3959 confidit.
544 3893 633 3968 Quod
657 3915 728 3957 cnm
750 3893 872 3958 iactum
896 3893 1010 3972 fuerit,
1035 3892 1208 3956 credamus.

240 3995 510 4062 Reverendissinro
541 3999 671 4080 insuper
700 4020 724 4062 s.
749 3996 871 4080 Angeli
900 3996 1054 4062 cardinali
1077 4001 1110 4060 et
1133 3995 1309 4079 apostolice

150 4102 233 4166 sedis
267 4102 375 4186 legato
409 4104 471 4167 iam
499 4103 697 4188 aliquamdiu
728 4103 813 4167 inter
845 4103 950 4186 ipsum
974 4102 1003 4166 d.
1029 4102 1253 4184 imperatorem
1277 4105 1309 4166 et

150 4213 293 4272 oratores
317 4209 400 4292 regis
428 4209 568 4291 pratensi
592 4209 623 4271 in
648 4207 786 4272 Wienna
809 4208 976 4292 placitanti
989 4205 1034 4293 (1),
1059 4210 1195 4292 quatuor
1218 4206 1308 4269 milia

151 4314 297 4398 equitum
314 4317 347 4376 et
361 4313 504 4397 peditum
520 4315 610 4397 regni
623 4311 764 4398 Ungaria
784 4315 817 4378 in
834 4314 1011 4378 confinibus
1027 4313 1159 4376 ducatus
1174 4311 1306 4377 Austris

723 4453 741 4487 tl·

225 4523 237 4576 l
261 4523 323 4591 Vgl.
343 4541 406 4576 aum
424 4522 577 4592 folgenden
596 4523 697 4589 Huber,
716 4521 814 4577 Gescb.
832 4519 1018 4576 Oesterreichs
1032 4519 1080 4582 Ill,
1102 4519 1151 4574 130
1163 4517 1191 4573 ff.

1060 4607 1078 4661 4
1088 4613 1102 4647 ²l¹
