<?xml version="1.0" encoding="UTF-8"?>
<!DOCTYPE html PUBLIC "-//W3C//DTD XHTML 1.0 Transitional//EN"
    "http://www.w3.org/TR/xhtml1/DTD/xhtml1-transitional.dtd">
<html xmlns="http://www.w3.org/1999/xhtml" xml:lang="en" lang="en">
 <head>
  <title>
</title>
<meta http-equiv="Content-Type" content="text/html;charset=utf-8" />
  <meta name='ocr-system' content='tesseract 3.04.00' />
  <meta name='ocr-capabilities' content='ocr_page ocr_carea ocr_par ocr_line ocrx_word'/>
</head>
<body>
  <div class='ocr_page' id='page_1' title='image "./hermannschedels00joacgoog_0045.png"; bbox 0 0 3106 5252; ppageno 0'>
   <div class='ocr_carea' id='block_1_1' title="bbox 704 445 746 512">
    <p class='ocr_par' dir='ltr' id='par_1_1' title="bbox 704 445 746 512">
     <span class='ocr_line' id='line_1_1' title="bbox 704 445 746 512; baseline 0 0"><span class='ocrx_word' id='word_1_1' title='bbox 704 445 746 512; x_wconf 79' lang='lat'>29</span> 
     </span>
    </p>
   </div>
   <div class='ocr_carea' id='block_1_2' title="bbox 139 621 1297 4434">
    <p class='ocr_par' dir='ltr' id='par_1_2' title="bbox 140 621 1297 3104">
     <span class='ocr_line' id='line_1_2' title="bbox 145 621 1296 708; baseline -0.003 -20"><span class='ocrx_word' id='word_1_2' title='bbox 145 625 318 702; x_wconf 89' lang='lat' dir='ltr'>tuleutur,</span> <span class='ocrx_word' id='word_1_3' title='bbox 348 623 402 708; x_wconf 90' lang='lat' dir='ltr'>qui</span> <span class='ocrx_word' id='word_1_4' title='bbox 433 622 641 688; x_wconf 87' lang='lat' dir='ltr'>humanitatis</span> <span class='ocrx_word' id='word_1_5' title='bbox 667 622 925 706; x_wconf 83' lang='lat' dir='ltr'>complectuntur</span> <span class='ocrx_word' id='word_1_6' title='bbox 947 622 1052 687; x_wconf 84' lang='lat' dir='ltr'>studia</span> <span class='ocrx_word' id='word_1_7' title='bbox 1076 624 1108 684; x_wconf 91' lang='lat' dir='ltr'>et</span> <span class='ocrx_word' id='word_1_8' title='bbox 1130 621 1296 686; x_wconf 85' lang='lat' dir='ltr'>literarum</span> 
     </span>
     <span class='ocr_line' id='line_1_3' title="bbox 143 727 1296 805; baseline -0.004 -11"><span class='ocrx_word' id='word_1_9' title='bbox 143 730 302 796; x_wconf 79' lang='lat' dir='ltr'>suavitate</span> <span class='ocrx_word' id='word_1_10' title='bbox 317 729 515 794; x_wconf 86' lang='lat' dir='ltr'>delectantur</span> <span class='ocrx_word' id='word_1_11' title='bbox 526 776 643 794; x_wconf 92' lang='grc'><strong>......</strong></span> <span class='ocrx_word' id='word_1_12' title='bbox 661 727 730 792; x_wconf 88' lang='lat' dir='ltr'>Hoc</span> <span class='ocrx_word' id='word_1_13' title='bbox 746 728 825 792; x_wconf 93' lang='lat' dir='ltr'>mibi</span> <span class='ocrx_word' id='word_1_14' title='bbox 839 728 951 792; x_wconf 87' lang='lat' dir='ltr'>videor</span> <span class='ocrx_word' id='word_1_15' title='bbox 964 727 1127 791; x_wconf 88' lang='lat' dir='ltr'>verissime</span> <span class='ocrx_word' id='word_1_16' title='bbox 1143 727 1296 805; x_wconf 83' lang='lat' dir='ltr'>dicturus,</span> 
     </span>
     <span class='ocr_line' id='line_1_4' title="bbox 143 823 1294 917; baseline -0.003 -19"><span class='ocrx_word' id='word_1_17' title='bbox 143 823 269 911; x_wconf 84' lang='lat' dir='ltr'>nullum</span> <span class='ocrx_word' id='word_1_18' title='bbox 287 833 381 898; x_wconf 91' lang='lat' dir='ltr'>huius</span> <span class='ocrx_word' id='word_1_19' title='bbox 397 832 485 897; x_wconf 89' lang='lat' dir='ltr'>urbis</span> <span class='ocrx_word' id='word_1_20' title='bbox 500 833 604 897; x_wconf 88' lang='lat' dir='ltr'>virum</span> <span class='ocrx_word' id='word_1_21' title='bbox 621 833 761 916; x_wconf 87' lang='lat' dir='ltr'>peritum</span> <span class='ocrx_word' id='word_1_22' title='bbox 776 834 879 917; x_wconf 90' lang='lat' dir='ltr'>pluris</span> <span class='ocrx_word' id='word_1_23' title='bbox 901 831 1004 897; x_wconf 87' lang='lat' dir='ltr'>facere</span> <span class='ocrx_word' id='word_1_24' title='bbox 1027 833 1156 910; x_wconf 86' lang='lat' dir='ltr'>amicos,</span> <span class='ocrx_word' id='word_1_25' title='bbox 1172 830 1294 895; x_wconf 91' lang='lat' dir='ltr'>nullum</span> 
     </span>
     <span class='ocr_line' id='line_1_5' title="bbox 144 935 1294 1022; baseline -0.004 -19"><span class='ocrx_word' id='word_1_26' title='bbox 144 939 312 1004; x_wconf 84' lang='lat' dir='ltr'>observare</span> <span class='ocrx_word' id='word_1_27' title='bbox 335 937 543 1020; x_wconf 80' lang='lat' dir='ltr'>diligencius,</span> <span class='ocrx_word' id='word_1_28' title='bbox 572 937 695 1000; x_wconf 88' lang='lat' dir='ltr'>nullum</span> <span class='ocrx_word' id='word_1_29' title='bbox 722 937 862 1002; x_wconf 87' lang='lat' dir='ltr'>sanctius</span> <span class='ocrx_word' id='word_1_30' title='bbox 884 937 1003 1017; x_wconf 89' lang='lat' dir='ltr'>colere,</span> <span class='ocrx_word' id='word_1_31' title='bbox 1032 959 1134 1022; x_wconf 91' lang='lat' dir='ltr'>neque</span> <span class='ocrx_word' id='word_1_32' title='bbox 1157 935 1294 1021; x_wconf 84' lang='lat' dir='ltr'>aliquem</span> 
     </span>
     <span class='ocr_line' id='line_1_6' title="bbox 144 1041 1294 1128; baseline -0.004 -20"><span class='ocrx_word' id='word_1_33' title='bbox 144 1045 219 1123; x_wconf 92' lang='lat' dir='ltr'>scio,</span> <span class='ocrx_word' id='word_1_34' title='bbox 243 1045 297 1128; x_wconf 90' lang='lat' dir='ltr'>qui</span> <span class='ocrx_word' id='word_1_35' title='bbox 321 1043 427 1108; x_wconf 85' lang='lat' dir='ltr'>officio</span> <span class='ocrx_word' id='word_1_36' title='bbox 450 1063 527 1127; x_wconf 86' lang='lat' dir='ltr'>erga</span> <span class='ocrx_word' id='word_1_37' title='bbox 550 1043 717 1108; x_wconf 87' lang='lat' dir='ltr'>benevolos</span> <span class='ocrx_word' id='word_1_38' title='bbox 741 1065 843 1128; x_wconf 91' lang='lat' dir='ltr'>neque</span> <span class='ocrx_word' id='word_1_39' title='bbox 860 1065 966 1108; x_wconf 89' lang='lat' dir='ltr'>amore</span> <span class='ocrx_word' id='word_1_40' title='bbox 981 1043 1041 1107; x_wconf 93' lang='lat' dir='ltr'>tibi</span> <span class='ocrx_word' id='word_1_41' title='bbox 1066 1041 1294 1125; x_wconf 77' lang='lat' dir='ltr'>comparandus</span> 
     </span>
     <span class='ocr_line' id='line_1_7' title="bbox 144 1147 1295 1232; baseline -0.003 -20"><span class='ocrx_word' id='word_1_42' title='bbox 144 1150 197 1214; x_wconf 90' lang='lat' dir='ltr'>sit.</span> <span class='ocrx_word' id='word_1_43' title='bbox 229 1148 298 1214; x_wconf 84' lang='lat' dir='ltr'>Tua</span> <span class='ocrx_word' id='word_1_44' title='bbox 314 1170 425 1232; x_wconf 83' lang='lat' dir='ltr'>nempe</span> <span class='ocrx_word' id='word_1_45' title='bbox 448 1153 563 1212; x_wconf 86' lang='lat' dir='ltr'>natura</span> <span class='ocrx_word' id='word_1_46' title='bbox 584 1149 623 1212; x_wconf 87' lang='lat' dir='ltr'>ad</span> <span class='ocrx_word' id='word_1_47' title='bbox 647 1147 822 1213; x_wconf 78' lang='lat' dir='ltr'>amiciciam</span> <span class='ocrx_word' id='word_1_48' title='bbox 847 1170 1005 1232; x_wconf 88' lang='lat' dir='ltr'>propensa</span> <span class='ocrx_word' id='word_1_49' title='bbox 1028 1147 1106 1210; x_wconf 90' lang='lat' dir='ltr'>mihi</span> <span class='ocrx_word' id='word_1_50' title='bbox 1129 1150 1295 1229; x_wconf 83' lang='lat' dir='ltr'>perspecta</span> 
     </span>
     <span class='ocr_line' id='line_1_8' title="bbox 144 1251 1295 1338; baseline -0.004 -19"><span class='ocrx_word' id='word_1_51' title='bbox 144 1260 192 1319; x_wconf 87' lang='lat' dir='ltr'>est</span> <span class='ocrx_word' id='word_1_52' title='bbox 214 1255 412 1338; x_wconf 89' lang='lat' dir='ltr'>iocundaque</span> <span class='ocrx_word' id='word_1_53' title='bbox 435 1259 491 1318; x_wconf 90' lang='lat' dir='ltr'>tua</span> <span class='ocrx_word' id='word_1_54' title='bbox 519 1253 666 1317; x_wconf 88' lang='lat' dir='ltr'>omnibus</span> <span class='ocrx_word' id='word_1_55' title='bbox 700 1254 894 1318; x_wconf 75' lang='lat' dir='ltr'>consuetudo</span> <span class='ocrx_word' id='word_1_56' title='bbox 925 1257 973 1318; x_wconf 88' lang='lat' dir='ltr'>est</span> <span class='ocrx_word' id='word_1_57' title='bbox 1000 1274 1072 1318; x_wconf 91' lang='lat' dir='ltr'>cum</span> <span class='ocrx_word' id='word_1_58' title='bbox 1095 1251 1295 1316; x_wconf 79' lang='lat' dir='ltr'>humanitate</span> 
     </span>
     <span class='ocr_line' id='line_1_9' title="bbox 143 1356 1293 1442; baseline -0.005 -18"><span class='ocrx_word' id='word_1_59' title='bbox 143 1360 270 1426; x_wconf 87' lang='lat' dir='ltr'>faceciis</span> <span class='ocrx_word' id='word_1_60' title='bbox 290 1359 469 1424; x_wconf 86' lang='lat' dir='ltr'>coniuncta.</span> <span class='ocrx_word' id='word_1_61' title='bbox 515 1357 572 1422; x_wconf 83' lang='lat' dir='ltr'>Est</span> <span class='ocrx_word' id='word_1_62' title='bbox 599 1359 738 1423; x_wconf 85' lang='lat' dir='ltr'>suavitas</span> <span class='ocrx_word' id='word_1_63' title='bbox 764 1359 823 1422; x_wconf 88' lang='lat' dir='ltr'>tibi</span> <span class='ocrx_word' id='word_1_64' title='bbox 852 1357 1003 1442; x_wconf 91' lang='lat' dir='ltr'>loquendi</span> <span class='ocrx_word' id='word_1_65' title='bbox 1019 1380 1057 1423; x_wconf 86' lang='lat' dir='ltr'>ac</span> <span class='ocrx_word' id='word_1_66' title='bbox 1077 1357 1143 1421; x_wconf 88' lang='lat' dir='ltr'>sale</span> <span class='ocrx_word' id='word_1_67' title='bbox 1159 1356 1293 1442; x_wconf 87' lang='lat' dir='ltr'>quodam</span> 
     </span>
     <span class='ocr_line' id='line_1_10' title="bbox 144 1462 1296 1548; baseline -0.004 -19"><span class='ocrx_word' id='word_1_68' title='bbox 144 1487 287 1548; x_wconf 86' lang='lat' dir='ltr'>respersa</span> <span class='ocrx_word' id='word_1_69' title='bbox 314 1464 479 1529; x_wconf 87' lang='lat' dir='ltr'>urbanitas</span> <span class='ocrx_word' id='word_1_70' title='bbox 503 1463 657 1540; x_wconf 85' lang='lat' dir='ltr'>maxima,</span> <span class='ocrx_word' id='word_1_71' title='bbox 693 1485 774 1547; x_wconf 91' lang='lat' dir='ltr'>quae</span> <span class='ocrx_word' id='word_1_72' title='bbox 797 1485 834 1526; x_wconf 86' lang='lat' dir='ltr'>ex</span> <span class='ocrx_word' id='word_1_73' title='bbox 868 1462 1002 1527; x_wconf 86' lang='lat' dir='ltr'>iocunde</span> <span class='ocrx_word' id='word_1_74' title='bbox 1025 1465 1154 1544; x_wconf 90' lang='lat' dir='ltr'>pectore</span> <span class='ocrx_word' id='word_1_75' title='bbox 1177 1466 1296 1545; x_wconf 87' lang='lat' dir='ltr'>tuoque</span> 
     </span>
     <span class='ocr_line' id='line_1_11' title="bbox 143 1567 1295 1653; baseline -0.005 -18"><span class='ocrx_word' id='word_1_76' title='bbox 143 1591 199 1635; x_wconf 90' lang='lat' dir='ltr'>ore</span> <span class='ocrx_word' id='word_1_77' title='bbox 213 1568 416 1653; x_wconf 84' lang='lat' dir='ltr'>proveniunt,</span> <span class='ocrx_word' id='word_1_78' title='bbox 439 1573 636 1652; x_wconf 87' lang='lat' dir='ltr'>quapropter</span> <span class='ocrx_word' id='word_1_79' title='bbox 652 1589 715 1632; x_wconf 91' lang='lat' dir='ltr'>non</span> <span class='ocrx_word' id='word_1_80' title='bbox 732 1568 848 1632; x_wconf 91' lang='lat' dir='ltr'>mirum</span> <span class='ocrx_word' id='word_1_81' title='bbox 866 1572 923 1644; x_wconf 89' lang='lat' dir='ltr'>est,</span> <span class='ocrx_word' id='word_1_82' title='bbox 946 1568 973 1631; x_wconf 88' lang='lat' dir='ltr'>si</span> <span class='ocrx_word' id='word_1_83' title='bbox 998 1567 1165 1651; x_wconf 80' lang='lat' dir='ltr'>perplures</span> <span class='ocrx_word' id='word_1_84' title='bbox 1188 1587 1295 1630; x_wconf 90' lang='lat' dir='ltr'>amore</span> 
     </span>
     <span class='ocr_line' id='line_1_12' title="bbox 141 1670 1294 1749; baseline -0.003 -11"><span class='ocrx_word' id='word_1_85' title='bbox 141 1675 192 1738; x_wconf 88' lang='lat' dir='ltr'>tui</span> <span class='ocrx_word' id='word_1_86' title='bbox 215 1678 386 1740; x_wconf 88' lang='lat' dir='ltr'>teneantur</span> <span class='ocrx_word' id='word_1_87' title='bbox 398 1721 425 1737; x_wconf 89' lang='lat'>..</span> <span class='ocrx_word' id='word_1_88' title='bbox 440 1721 447 1736; x_wconf 90' lang='lat'><strong>.</strong></span> <span class='ocrx_word' id='word_1_89' title='bbox 463 1721 490 1737; x_wconf 89' lang='lat'>..</span> <span class='ocrx_word' id='word_1_90' title='bbox 515 1671 562 1734; x_wconf 86' lang='lat' dir='ltr'>Ex</span> <span class='ocrx_word' id='word_1_91' title='bbox 585 1672 647 1736; x_wconf 91' lang='lat' dir='ltr'>hcc</span> <span class='ocrx_word' id='word_1_92' title='bbox 670 1673 765 1736; x_wconf 85' lang='lat' dir='ltr'>etiam</span> <span class='ocrx_word' id='word_1_93' title='bbox 783 1693 905 1736; x_wconf 89' lang='lat' dir='ltr'>summe</span> <span class='ocrx_word' id='word_1_94' title='bbox 921 1672 1106 1749; x_wconf 88' lang='lat' dir='ltr'>laudandus,</span> <span class='ocrx_word' id='word_1_95' title='bbox 1127 1671 1177 1736; x_wconf 89' lang='lat' dir='ltr'>vir</span> <span class='ocrx_word' id='word_1_96' title='bbox 1198 1670 1294 1736; x_wconf 84' lang='lat' dir='ltr'>caris·</span> 
     </span>
     <span class='ocr_line' id='line_1_13' title="bbox 142 1776 1295 1863; baseline 0 -23"><span class='ocrx_word' id='word_1_97' title='bbox 142 1779 232 1857; x_wconf 88' lang='lat' dir='ltr'>sime,</span> <span class='ocrx_word' id='word_1_98' title='bbox 256 1800 298 1858; x_wconf 93' lang='lat' dir='ltr'>es,</span> <span class='ocrx_word' id='word_1_99' title='bbox 322 1778 407 1862; x_wconf 90' lang='lat' dir='ltr'>quod</span> <span class='ocrx_word' id='word_1_100' title='bbox 429 1777 567 1842; x_wconf 87' lang='lat' dir='ltr'>maximo</span> <span class='ocrx_word' id='word_1_101' title='bbox 584 1778 690 1842; x_wconf 90' lang='lat' dir='ltr'>studio</span> <span class='ocrx_word' id='word_1_102' title='bbox 708 1777 942 1863; x_wconf 87' lang='lat' dir='ltr'>diligenciaqne</span> <span class='ocrx_word' id='word_1_103' title='bbox 957 1776 1195 1860; x_wconf 83' lang='lat' dir='ltr'>philosophiam</span> <span class='ocrx_word' id='word_1_104' title='bbox 1209 1797 1295 1842; x_wconf 89' lang='lat' dir='ltr'>com·</span> 
     </span>
     <span class='ocr_line' id='line_1_14' title="bbox 141 1880 1294 1966; baseline -0.003 -20"><span class='ocrx_word' id='word_1_105' title='bbox 141 1883 256 1966; x_wconf 85' lang='lat' dir='ltr'>plexus</span> <span class='ocrx_word' id='word_1_106' title='bbox 279 1882 387 1960; x_wconf 88' lang='lat' dir='ltr'>fueris,</span> <span class='ocrx_word' id='word_1_107' title='bbox 411 1903 491 1966; x_wconf 88' lang='lat' dir='ltr'>quae</span> <span class='ocrx_word' id='word_1_108' title='bbox 514 1881 599 1944; x_wconf 90' lang='lat' dir='ltr'>inter</span> <span class='ocrx_word' id='word_1_109' title='bbox 622 1902 672 1944; x_wconf 91' lang='lat' dir='ltr'>res</span> <span class='ocrx_word' id='word_1_110' title='bbox 695 1881 850 1945; x_wconf 86' lang='lat' dir='ltr'>humanas</span> <span class='ocrx_word' id='word_1_111' title='bbox 874 1903 937 1945; x_wconf 91' lang='lat' dir='ltr'>non</span> <span class='ocrx_word' id='word_1_112' title='bbox 953 1880 1057 1945; x_wconf 90' lang='lat' dir='ltr'>solum</span> <span class='ocrx_word' id='word_1_113' title='bbox 1081 1881 1219 1945; x_wconf 86' lang='lat' dir='ltr'>maxima</span> <span class='ocrx_word' id='word_1_114' title='bbox 1241 1880 1294 1944; x_wconf 89' lang='lat' dir='ltr'>sed</span> 
     </span>
     <span class='ocr_line' id='line_1_15' title="bbox 142 1985 1295 2070; baseline -0.006 -17"><span class='ocrx_word' id='word_1_115' title='bbox 142 1993 175 2053; x_wconf 86' lang='lat' dir='ltr'>et</span> <span class='ocrx_word' id='word_1_116' title='bbox 191 1987 386 2054; x_wconf 86' lang='lat' dir='ltr'>divinissima</span> <span class='ocrx_word' id='word_1_117' title='bbox 401 1987 472 2051; x_wconf 87' lang='lat' dir='ltr'>iure</span> <span class='ocrx_word' id='word_1_118' title='bbox 486 1986 626 2050; x_wconf 86' lang='lat' dir='ltr'>vocanda</span> <span class='ocrx_word' id='word_1_119' title='bbox 642 1989 704 2062; x_wconf 89' lang='lat' dir='ltr'>est,</span> <span class='ocrx_word' id='word_1_120' title='bbox 728 2007 802 2050; x_wconf 90' lang='lat' dir='ltr'>narn</span> <span class='ocrx_word' id='word_1_121' title='bbox 819 1986 894 2070; x_wconf 92' lang='lat' dir='ltr'>quid</span> <span class='ocrx_word' id='word_1_122' title='bbox 912 1985 1137 2069; x_wconf 75' lang='lat' dir='ltr'>praestabilius</span> <span class='ocrx_word' id='word_1_123' title='bbox 1152 1985 1295 2069; x_wconf 86' lang='lat' dir='ltr'>cogitare</span> 
     </span>
     <span class='ocr_line' id='line_1_16' title="bbox 143 2090 1297 2177; baseline -0.002 -21"><span class='ocrx_word' id='word_1_124' title='bbox 143 2097 176 2156; x_wconf 90' lang='lat' dir='ltr'>et</span> <span class='ocrx_word' id='word_1_125' title='bbox 188 2092 335 2177; x_wconf 89' lang='lat' dir='ltr'>consequi</span> <span class='ocrx_word' id='word_1_126' title='bbox 345 2113 520 2174; x_wconf 87' lang='lat' dir='ltr'>possumus,</span> <span class='ocrx_word' id='word_1_127' title='bbox 533 2113 629 2175; x_wconf 87' lang='lat' dir='ltr'>quam</span> <span class='ocrx_word' id='word_1_128' title='bbox 641 2113 693 2156; x_wconf 89' lang='lat' dir='ltr'>eas</span> <span class='ocrx_word' id='word_1_129' title='bbox 700 2095 796 2170; x_wconf 90' lang='lat' dir='ltr'>artes,</span> <span class='ocrx_word' id='word_1_130' title='bbox 805 2114 842 2155; x_wconf 90' lang='lat' dir='ltr'>ea</span> <span class='ocrx_word' id='word_1_131' title='bbox 851 2096 1029 2176; x_wconf 86' lang='lat' dir='ltr'>praecepta,</span> <span class='ocrx_word' id='word_1_132' title='bbox 1042 2112 1094 2156; x_wconf 87' lang='lat' dir='ltr'>eas</span> <span class='ocrx_word' id='word_1_133' title='bbox 1103 2090 1297 2173; x_wconf 82' lang='lat' dir='ltr'>disciplinas,</span> 
     </span>
     <span class='ocr_line' id='line_1_17' title="bbox 143 2195 1296 2282; baseline -0.004 -19"><span class='ocrx_word' id='word_1_134' title='bbox 143 2198 259 2282; x_wconf 87' lang='lat' dir='ltr'>quibus</span> <span class='ocrx_word' id='word_1_135' title='bbox 274 2217 332 2261; x_wconf 91' lang='lat' dir='ltr'>nos</span> <span class='ocrx_word' id='word_1_136' title='bbox 357 2197 452 2280; x_wconf 90' lang='lat' dir='ltr'>ipsos,</span> <span class='ocrx_word' id='word_1_137' title='bbox 468 2196 584 2281; x_wconf 88' lang='lat' dir='ltr'>quibus</span> <span class='ocrx_word' id='word_1_138' title='bbox 598 2217 666 2260; x_wconf 86' lang='lat' dir='ltr'>rem</span> <span class='ocrx_word' id='word_1_139' title='bbox 682 2195 883 2274; x_wconf 79' lang='lat' dir='ltr'>familiarem,</span> <span class='ocrx_word' id='word_1_140' title='bbox 906 2196 1023 2280; x_wconf 90' lang='lat' dir='ltr'>quibus</span> <span class='ocrx_word' id='word_1_141' title='bbox 1045 2195 1152 2260; x_wconf 85' lang='lat' dir='ltr'>civilia</span> <span class='ocrx_word' id='word_1_142' title='bbox 1164 2195 1296 2279; x_wconf 87' lang='lat' dir='ltr'>negocia</span> 
     </span>
     <span class='ocr_line' id='line_1_18' title="bbox 143 2300 1295 2386; baseline -0.002 -20"><span class='ocrx_word' id='word_1_143' title='bbox 143 2323 264 2386; x_wconf 86' lang='lat' dir='ltr'>regere,</span> <span class='ocrx_word' id='word_1_144' title='bbox 280 2303 455 2385; x_wconf 84' lang='lat' dir='ltr'>disponere,</span> <span class='ocrx_word' id='word_1_145' title='bbox 472 2301 651 2385; x_wconf 84' lang='lat' dir='ltr'>gubernare</span> <span class='ocrx_word' id='word_1_146' title='bbox 666 2301 783 2366; x_wconf 79' lang='lat' dir='ltr'>liceat?</span> <span class='ocrx_word' id='word_1_147' title='bbox 805 2300 890 2366; x_wconf 91' lang='lat' dir='ltr'>Hinc</span> <span class='ocrx_word' id='word_1_148' title='bbox 905 2323 942 2366; x_wconf 85' lang='lat' dir='ltr'>ea</span> <span class='ocrx_word' id='word_1_149' title='bbox 954 2304 1182 2386; x_wconf 86' lang='lat' dir='ltr'>comparantur</span> <span class='ocrx_word' id='word_1_150' title='bbox 1196 2323 1295 2379; x_wconf 86' lang='lat' dir='ltr'>arma,</span> 
     </span>
     <span class='ocr_line' id='line_1_19' title="bbox 143 2405 1294 2492; baseline -0.003 -20"><span class='ocrx_word' id='word_1_151' title='bbox 143 2409 260 2492; x_wconf 90' lang='lat' dir='ltr'>quibus</span> <span class='ocrx_word' id='word_1_152' title='bbox 287 2408 325 2471; x_wconf 91' lang='lat' dir='ltr'>ad</span> <span class='ocrx_word' id='word_1_153' title='bbox 356 2411 524 2490; x_wconf 89' lang='lat' dir='ltr'>utramque</span> <span class='ocrx_word' id='word_1_154' title='bbox 555 2405 718 2471; x_wconf 87' lang='lat' dir='ltr'>fortunam</span> <span class='ocrx_word' id='word_1_155' title='bbox 754 2429 811 2472; x_wconf 88' lang='lat' dir='ltr'>nec</span> <span class='ocrx_word' id='word_1_156' title='bbox 835 2407 957 2472; x_wconf 86' lang='lat' dir='ltr'>fractus</span> <span class='ocrx_word' id='word_1_157' title='bbox 984 2408 1076 2472; x_wconf 85' lang='lat' dir='ltr'>cadas</span> <span class='ocrx_word' id='word_1_158' title='bbox 1105 2427 1162 2470; x_wconf 90' lang='lat' dir='ltr'>nec</span> <span class='ocrx_word' id='word_1_159' title='bbox 1191 2406 1294 2471; x_wconf 87' lang='lat' dir='ltr'>elatus</span> 
     </span>
     <span class='ocr_line' id='line_1_20' title="bbox 141 2508 1294 2594; baseline -0.002 -18"><span class='ocrx_word' id='word_1_160' title='bbox 141 2513 334 2576; x_wconf 85' lang='lat' dir='ltr'>intumescas</span> <span class='ocrx_word' id='word_1_161' title='bbox 346 2559 456 2576; x_wconf 90' lang='grc'><strong>......</strong></span> <span class='ocrx_word' id='word_1_162' title='bbox 474 2509 563 2574; x_wconf 89' lang='lat' dir='ltr'>Hanc</span> <span class='ocrx_word' id='word_1_163' title='bbox 586 2531 645 2594; x_wconf 90' lang='lat' dir='ltr'>ego</span> <span class='ocrx_word' id='word_1_164' title='bbox 660 2511 752 2576; x_wconf 89' lang='lat' dir='ltr'>illam</span> <span class='ocrx_word' id='word_1_165' title='bbox 776 2533 841 2576; x_wconf 78' lang='lat' dir='ltr'>esse</span> <span class='ocrx_word' id='word_1_166' title='bbox 866 2511 1094 2590; x_wconf 87' lang='lat' dir='ltr'>contenderim,</span> <span class='ocrx_word' id='word_1_167' title='bbox 1116 2519 1152 2576; x_wconf 95' lang='lat' dir='ltr'>ut</span> <span class='ocrx_word' id='word_1_168' title='bbox 1168 2508 1294 2575; x_wconf 80' lang='lat' dir='ltr'>Tullius</span> 
     </span>
     <span class='ocr_line' id='line_1_21' title="bbox 141 2615 1294 2701; baseline -0.001 -21"><span class='ocrx_word' id='word_1_169' title='bbox 141 2616 176 2680; x_wconf 90' lang='lat' dir='ltr'>in</span> <span class='ocrx_word' id='word_1_170' title='bbox 201 2621 306 2682; x_wconf 85' lang='lat' dir='ltr'>vetere</span> <span class='ocrx_word' id='word_1_171' title='bbox 330 2615 513 2681; x_wconf 89' lang='lat' dir='ltr'>rethorica¹</span> <span class='ocrx_word' id='word_1_172' title='bbox 540 2617 596 2692; x_wconf 92' lang='lat' dir='ltr'>ait,</span> <span class='ocrx_word' id='word_1_173' title='bbox 620 2616 710 2680; x_wconf 91' lang='lat' dir='ltr'>cuius</span> <span class='ocrx_word' id='word_1_174' title='bbox 725 2638 785 2700; x_wconf 90' lang='lat' dir='ltr'>ope</span> <span class='ocrx_word' id='word_1_175' title='bbox 801 2623 898 2701; x_wconf 88' lang='lat' dir='ltr'>atque</span> <span class='ocrx_word' id='word_1_176' title='bbox 921 2639 1018 2701; x_wconf 86' lang='lat' dir='ltr'>opera</span> <span class='ocrx_word' id='word_1_177' title='bbox 1033 2617 1176 2682; x_wconf 90' lang='lat' dir='ltr'>homines</span> <span class='ocrx_word' id='word_1_178' title='bbox 1192 2638 1294 2701; x_wconf 92' lang='lat' dir='ltr'>quon·</span> 
     </span>
     <span class='ocr_line' id='line_1_22' title="bbox 142 2719 1293 2805; baseline -0.002 -20"><span class='ocrx_word' id='word_1_179' title='bbox 142 2721 215 2786; x_wconf 87' lang='lat' dir='ltr'>dam</span> <span class='ocrx_word' id='word_1_180' title='bbox 239 2744 278 2785; x_wconf 86' lang='lat' dir='ltr'>cx</span> <span class='ocrx_word' id='word_1_181' title='bbox 300 2721 418 2804; x_wconf 79' lang='lat' dir='ltr'>agresti</span> <span class='ocrx_word' id='word_1_182' title='bbox 443 2719 574 2804; x_wconf 82' lang='lat' dir='ltr'>fersque</span> <span class='ocrx_word' id='word_1_183' title='bbox 597 2720 722 2785; x_wconf 85' lang='lat' dir='ltr'>vitain</span> <span class='ocrx_word' id='word_1_184' title='bbox 746 2722 831 2786; x_wconf 90' lang='lat' dir='ltr'>hunc</span> <span class='ocrx_word' id='word_1_185' title='bbox 853 2723 1011 2785; x_wconf 87' lang='lat' dir='ltr'>urbanum</span> <span class='ocrx_word' id='word_1_186' title='bbox 1029 2722 1203 2805; x_wconf 87' lang='lat' dir='ltr'>mitemque</span> <span class='ocrx_word' id='word_1_187' title='bbox 1226 2721 1293 2784; x_wconf 93' lang='lat' dir='ltr'>cul-</span> 
     </span>
     <span class='ocr_line' id='line_1_23' title="bbox 141 2825 1294 2910; baseline 0 -20"><span class='ocrx_word' id='word_1_188' title='bbox 141 2832 213 2890; x_wconf 91' lang='lat' dir='ltr'>tum</span> <span class='ocrx_word' id='word_1_189' title='bbox 234 2826 362 2891; x_wconf 83' lang='lat' dir='ltr'>deducti</span> <span class='ocrx_word' id='word_1_190' title='bbox 394 2831 488 2903; x_wconf 89' lang='lat' dir='ltr'>sunt,</span> <span class='ocrx_word' id='word_1_191' title='bbox 522 2847 584 2910; x_wconf 94' lang='lat' dir='ltr'>que</span> <span class='ocrx_word' id='word_1_192' title='bbox 606 2825 693 2909; x_wconf 85' lang='lat' dir='ltr'>leges</span> <span class='ocrx_word' id='word_1_193' title='bbox 720 2825 794 2890; x_wconf 89' lang='lat' dir='ltr'>illas</span> <span class='ocrx_word' id='word_1_194' title='bbox 817 2849 853 2890; x_wconf 88' lang='lat' dir='ltr'>ac</span> <span class='ocrx_word' id='word_1_195' title='bbox 876 2826 947 2890; x_wconf 88' lang='lat' dir='ltr'>iura</span> <span class='ocrx_word' id='word_1_196' title='bbox 969 2826 1155 2910; x_wconf 88' lang='lat' dir='ltr'>descripsit,</span> <span class='ocrx_word' id='word_1_197' title='bbox 1179 2826 1294 2910; x_wconf 91' lang='lat' dir='ltr'>quibus</span> 
     </span>
     <span class='ocr_line' id='line_1_24' title="bbox 140 2931 1292 3016; baseline -0.002 -20"><span class='ocrx_word' id='word_1_198' title='bbox 140 2953 241 2997; x_wconf 88' lang='lat' dir='ltr'>unum</span> <span class='ocrx_word' id='word_1_199' title='bbox 264 2932 297 2995; x_wconf 92' lang='lat' dir='ltr'>in</span> <span class='ocrx_word' id='word_1_200' title='bbox 320 2931 424 2997; x_wconf 90' lang='lat' dir='ltr'>locum</span> <span class='ocrx_word' id='word_1_201' title='bbox 440 2931 675 3016; x_wconf 81' lang='lat' dir='ltr'>congregatim</span> <span class='ocrx_word' id='word_1_202' title='bbox 699 2931 826 2996; x_wconf 87' lang='lat' dir='ltr'>civilem</span> <span class='ocrx_word' id='word_1_203' title='bbox 848 2933 1032 2997; x_wconf 83' lang='lat' dir='ltr'>societatem</span> <span class='ocrx_word' id='word_1_204' title='bbox 1055 2931 1292 3016; x_wconf 88' lang='lat' dir='ltr'>conciliare[n]·</span> 
     </span>
     <span class='ocr_line' id='line_1_25' title="bbox 140 3044 386 3104; baseline -0.004 -4"><span class='ocrx_word' id='word_1_205' title='bbox 140 3044 197 3100; x_wconf 89' lang='lat' dir='ltr'>tur</span> <span class='ocrx_word' id='word_1_206' title='bbox 211 3084 386 3104; x_wconf 91' lang='grc'><strong>.........</strong></span> 
     </span>
    </p>

    <p class='ocr_par' dir='ltr' id='par_1_3' title="bbox 139 3142 1294 4386">
     <span class='ocr_line' id='line_1_26' title="bbox 230 3142 1294 3228; baseline -0.002 -22"><span class='ocrx_word' id='word_1_207' title='bbox 230 3142 342 3226; x_wconf 88' lang='lat' dir='ltr'>Itaque</span> <span class='ocrx_word' id='word_1_208' title='bbox 366 3149 438 3207; x_wconf 85' lang='lat' dir='ltr'>tuae</span> <span class='ocrx_word' id='word_1_209' title='bbox 462 3143 574 3207; x_wconf 86' lang='lat' dir='ltr'>virtuti</span> <span class='ocrx_word' id='word_1_210' title='bbox 596 3143 778 3228; x_wconf 87' lang='lat' dir='ltr'>perieieque</span> <span class='ocrx_word' id='word_1_211' title='bbox 810 3149 846 3208; x_wconf 86' lang='lat' dir='ltr'>ut</span> <span class='ocrx_word' id='word_1_212' title='bbox 868 3143 1074 3228; x_wconf 71' lang='lat' dir='ltr'>congratuler</span> <span class='ocrx_word' id='word_1_213' title='bbox 1098 3163 1222 3208; x_wconf 87' lang='lat' dir='ltr'>necesse</span> <span class='ocrx_word' id='word_1_214' title='bbox 1246 3145 1294 3205; x_wconf 89' lang='lat' dir='ltr'>est</span> 
     </span>
     <span class='ocr_line' id='line_1_27' title="bbox 139 3247 1294 3333; baseline -0.002 -21"><span class='ocrx_word' id='word_1_215' title='bbox 139 3248 267 3332; x_wconf 89' lang='lat' dir='ltr'>fuitque</span> <span class='ocrx_word' id='word_1_216' title='bbox 287 3248 432 3324; x_wconf 86' lang='lat' dir='ltr'>maxime,</span> <span class='ocrx_word' id='word_1_217' title='bbox 456 3270 527 3312; x_wconf 94' lang='lat' dir='ltr'>cum</span> <span class='ocrx_word' id='word_1_218' title='bbox 551 3249 639 3331; x_wconf 89' lang='lat' dir='ltr'>pium</span> <span class='ocrx_word' id='word_1_219' title='bbox 669 3256 795 3333; x_wconf 87' lang='lat' dir='ltr'>patrem</span> <span class='ocrx_word' id='word_1_220' title='bbox 827 3270 932 3313; x_wconf 90' lang='lat' dir='ltr'>meum</span> <span class='ocrx_word' id='word_1_221' title='bbox 957 3255 1048 3314; x_wconf 86' lang='lat' dir='ltr'>tanta</span> <span class='ocrx_word' id='word_1_222' title='bbox 1070 3247 1294 3313; x_wconf 78' lang='lat' dir='ltr'>benevolencia</span> 
     </span>
     <span class='ocr_line' id='line_1_28' title="bbox 139 3353 1293 3439; baseline -0.001 -22"><span class='ocrx_word' id='word_1_223' title='bbox 139 3357 297 3438; x_wconf 84' lang='lat' dir='ltr'>tantaque</span> <span class='ocrx_word' id='word_1_224' title='bbox 321 3353 465 3418; x_wconf 86' lang='lat' dir='ltr'>amicicia</span> <span class='ocrx_word' id='word_1_225' title='bbox 488 3354 646 3437; x_wconf 83' lang='lat' dir='ltr'>singulari</span> <span class='ocrx_word' id='word_1_226' title='bbox 682 3354 766 3419; x_wconf 86' lang='lat' dir='ltr'>colas</span> <span class='ocrx_word' id='word_1_227' title='bbox 790 3359 886 3439; x_wconf 84' lang='lat' dir='ltr'>atquc</span> <span class='ocrx_word' id='word_1_228' title='bbox 909 3356 1073 3433; x_wconf 85' lang='lat' dir='ltr'>observes,</span> <span class='ocrx_word' id='word_1_229' title='bbox 1096 3357 1133 3417; x_wconf 88' lang='lat' dir='ltr'>ut</span> <span class='ocrx_word' id='word_1_230' title='bbox 1156 3353 1293 3418; x_wconf 87' lang='lat' dir='ltr'>nesciam</span> 
     </span>
     <span class='ocr_line' id='line_1_29' title="bbox 140 3458 1292 3543; baseline -0.001 -21"><span class='ocrx_word' id='word_1_231' title='bbox 140 3481 183 3522; x_wconf 91' lang='lat' dir='ltr'>an</span> <span class='ocrx_word' id='word_1_232' title='bbox 206 3460 324 3528; x_wconf 87' lang='lat' dir='ltr'>maiore</span> <span class='ocrx_word' id='word_1_233' title='bbox 354 3460 443 3523; x_wconf 90' lang='lat' dir='ltr'>cultu</span> <span class='ocrx_word' id='word_1_234' title='bbox 466 3458 522 3522; x_wconf 86' lang='lat' dir='ltr'>abe</span> <span class='ocrx_word' id='word_1_235' title='bbox 545 3463 577 3522; x_wconf 88' lang='lat' dir='ltr'>te</span> <span class='ocrx_word' id='word_1_236' title='bbox 600 3458 733 3543; x_wconf 91' lang='lat' dir='ltr'>quisque</span> <span class='ocrx_word' id='word_1_237' title='bbox 756 3458 849 3543; x_wconf 84' lang='lat' dir='ltr'>diligi</span> <span class='ocrx_word' id='word_1_238' title='bbox 880 3465 996 3543; x_wconf 77' lang='lat' dir='ltr'>posset.</span> <span class='ocrx_word' id='word_1_239' title='bbox 1042 3459 1126 3524; x_wconf 87' lang='lat' dir='ltr'>Nam</span> <span class='ocrx_word' id='word_1_240' title='bbox 1148 3464 1185 3523; x_wconf 91' lang='lat' dir='ltr'>ut</span> <span class='ocrx_word' id='word_1_241' title='bbox 1208 3459 1292 3540; x_wconf 90' lang='lat' dir='ltr'>peri-</span> 
     </span>
     <span class='ocr_line' id='line_1_30' title="bbox 140 3563 1293 3649; baseline -0.002 -21"><span class='ocrx_word' id='word_1_242' title='bbox 140 3564 210 3628; x_wconf 89' lang='lat' dir='ltr'>cior</span> <span class='ocrx_word' id='word_1_243' title='bbox 239 3565 272 3627; x_wconf 90' lang='lat' dir='ltr'>iu</span> <span class='ocrx_word' id='word_1_244' title='bbox 304 3565 371 3628; x_wconf 88' lang='lat' dir='ltr'>dies</span> <span class='ocrx_word' id='word_1_245' title='bbox 402 3564 470 3627; x_wconf 90' lang='lat' dir='ltr'>fieri</span> <span class='ocrx_word' id='word_1_246' title='bbox 494 3565 610 3646; x_wconf 88' lang='lat' dir='ltr'>possit,</span> <span class='ocrx_word' id='word_1_247' title='bbox 643 3565 889 3649; x_wconf 81' lang='lat' dir='ltr'>vigilantissima</span> <span class='ocrx_word' id='word_1_248' title='bbox 917 3587 993 3630; x_wconf 88' lang='lat' dir='ltr'>cura</span> <span class='ocrx_word' id='word_1_249' title='bbox 1024 3585 1148 3646; x_wconf 90' lang='lat' dir='ltr'>semper</span> <span class='ocrx_word' id='word_1_250' title='bbox 1170 3563 1293 3627; x_wconf 86' lang='lat' dir='ltr'>insistis</span> 
     </span>
     <span class='ocr_line' id='line_1_31' title="bbox 141 3651 1293 3753; baseline -0.002 -20"><span class='ocrx_word' id='word_1_251' title='bbox 141 3669 379 3752; x_wconf 81' lang='lat' dir='ltr'>elegantissima</span> <span class='ocrx_word' id='word_1_252' title='bbox 401 3665 652 3753; x_wconf 82' lang='lat' dir='ltr'>gravissimaque</span> <span class='ocrx_word' id='word_1_253' title='bbox 685 3670 770 3734; x_wconf 83' lang='lat' dir='ltr'>dicta</span> <span class='ocrx_word' id='word_1_254' title='bbox 801 3670 972 3749; x_wconf 89' lang='lat' dir='ltr'>offerendo,</span> <span class='ocrx_word' id='word_1_255' title='bbox 1001 3675 1069 3734; x_wconf 91' lang='lat' dir='ltr'>tum</span> <span class='ocrx_word' id='word_1_256' title='bbox 1102 3651 1184 3732; x_wconf 89' lang='lat' dir='ltr'>eum</span> <span class='ocrx_word' id='word_1_257' title='bbox 1202 3667 1293 3732; x_wconf 90' lang='lat' dir='ltr'>libris</span> 
     </span>
     <span class='ocr_line' id='line_1_32' title="bbox 140 3774 1293 3858; baseline -0.002 -20"><span class='ocrx_word' id='word_1_258' title='bbox 140 3775 274 3855; x_wconf 88' lang='lat' dir='ltr'>ornasti,</span> <span class='ocrx_word' id='word_1_259' title='bbox 297 3775 412 3858; x_wconf 90' lang='lat' dir='ltr'>quibus</span> <span class='ocrx_word' id='word_1_260' title='bbox 436 3780 469 3839; x_wconf 87' lang='lat' dir='ltr'>et</span> <span class='ocrx_word' id='word_1_261' title='bbox 492 3776 670 3839; x_wconf 89' lang='lat' dir='ltr'>doctrinam</span> <span class='ocrx_word' id='word_1_262' title='bbox 693 3780 725 3839; x_wconf 88' lang='lat' dir='ltr'>et</span> <span class='ocrx_word' id='word_1_263' title='bbox 748 3776 920 3840; x_wconf 89' lang='lat' dir='ltr'>multarum</span> <span class='ocrx_word' id='word_1_264' title='bbox 947 3797 1054 3839; x_wconf 88' lang='lat' dir='ltr'>rerum</span> <span class='ocrx_word' id='word_1_265' title='bbox 1078 3774 1293 3858; x_wconf 84' lang='lat' dir='ltr'>cognitionem</span> 
     </span>
     <span class='ocr_line' id='line_1_33' title="bbox 140 3878 1293 3966; baseline -0.003 -22"><span class='ocrx_word' id='word_1_266' title='bbox 140 3901 310 3966; x_wconf 82' lang='lat' dir='ltr'>excerpere</span> <span class='ocrx_word' id='word_1_267' title='bbox 332 3884 448 3964; x_wconf 88' lang='lat' dir='ltr'>potest.</span> <span class='ocrx_word' id='word_1_268' title='bbox 494 3878 531 3945; x_wconf 90' lang='lat' dir='ltr'>Id</span> <span class='ocrx_word' id='word_1_269' title='bbox 556 3880 633 3943; x_wconf 89' lang='lat' dir='ltr'>mihi</span> <span class='ocrx_word' id='word_1_270' title='bbox 658 3882 933 3965; x_wconf 86' lang='lat' dir='ltr'>pergratissimum</span> <span class='ocrx_word' id='word_1_271' title='bbox 963 3886 1020 3957; x_wconf 88' lang='lat' dir='ltr'>est,</span> <span class='ocrx_word' id='word_1_272' title='bbox 1044 3901 1180 3966; x_wconf 89' lang='lat' dir='ltr'>cumque</span> <span class='ocrx_word' id='word_1_273' title='bbox 1203 3878 1293 3964; x_wconf 82' lang='lat' dir='ltr'>geni-</span> 
     </span>
     <span class='ocr_line' id='line_1_34' title="bbox 140 3985 1293 4070; baseline -0.003 -21"><span class='ocrx_word' id='word_1_274' title='bbox 140 3989 244 4049; x_wconf 87' lang='lat' dir='ltr'>torem</span> <span class='ocrx_word' id='word_1_275' title='bbox 261 3985 397 4049; x_wconf 85' lang='lat' dir='ltr'>ricissim</span> <span class='ocrx_word' id='word_1_276' title='bbox 414 3990 446 4048; x_wconf 89' lang='lat' dir='ltr'>te</span> <span class='ocrx_word' id='word_1_277' title='bbox 460 3985 640 4049; x_wconf 90' lang='lat' dir='ltr'>incredibili</span> <span class='ocrx_word' id='word_1_278' title='bbox 657 4007 765 4048; x_wconf 89' lang='lat' dir='ltr'>amore</span> <span class='ocrx_word' id='word_1_279' title='bbox 782 3986 931 4070; x_wconf 89' lang='lat' dir='ltr'>prosequi</span> <span class='ocrx_word' id='word_1_280' title='bbox 947 3985 1170 4069; x_wconf 84' lang='lat' dir='ltr'>intelligerem,</span> <span class='ocrx_word' id='word_1_281' title='bbox 1186 4004 1293 4046; x_wconf 90' lang='lat' dir='ltr'>amare</span> 
     </span>
     <span class='ocr_line' id='line_1_35' title="bbox 140 4086 1292 4174; baseline -0.001 -21"><span class='ocrx_word' id='word_1_282' title='bbox 140 4095 174 4154; x_wconf 87' lang='lat' dir='ltr'>tc</span> <span class='ocrx_word' id='word_1_283' title='bbox 196 4091 301 4173; x_wconf 90' lang='lat' dir='ltr'>incepi</span> <span class='ocrx_word' id='word_1_284' title='bbox 334 4089 535 4154; x_wconf 86' lang='lat' dir='ltr'>vehementer</span> <span class='ocrx_word' id='word_1_285' title='bbox 568 4088 736 4174; x_wconf 90' lang='lat' dir='ltr'>fretusque</span> <span class='ocrx_word' id='word_1_286' title='bbox 758 4112 850 4170; x_wconf 89' lang='lat' dir='ltr'>sum,</span> <span class='ocrx_word' id='word_1_287' title='bbox 876 4089 935 4155; x_wconf 89' lang='lat' dir='ltr'>hec</span> <span class='ocrx_word' id='word_1_288' title='bbox 968 4089 1088 4173; x_wconf 86' lang='lat' dir='ltr'>scripta</span> <span class='ocrx_word' id='word_1_289' title='bbox 1111 4110 1148 4152; x_wconf 87' lang='lat' dir='ltr'>ex</span> <span class='ocrx_word' id='word_1_290' title='bbox 1171 4086 1292 4152; x_wconf 88' lang='lat' dir='ltr'>sincero</span> 
     </span>
     <span class='ocr_line' id='line_1_36' title="bbox 139 4193 1291 4284; baseline -0.003 -26"><span class='ocrx_word' id='word_1_291' title='bbox 139 4195 288 4279; x_wconf 89' lang='lat' dir='ltr'>bonoque</span> <span class='ocrx_word' id='word_1_292' title='bbox 310 4194 417 4259; x_wconf 91' lang='lat' dir='ltr'>animo</span> <span class='ocrx_word' id='word_1_293' title='bbox 440 4194 479 4259; x_wconf 91' lang='lat' dir='ltr'>ad</span> <span class='ocrx_word' id='word_1_294' title='bbox 495 4198 526 4258; x_wconf 90' lang='lat' dir='ltr'>te</span> <span class='ocrx_word' id='word_1_295' title='bbox 537 4195 677 4261; x_wconf 88' lang='lat' dir='ltr'>mittere.</span> <span class='ocrx_word' id='word_1_296' title='bbox 725 4193 802 4270; x_wconf 82' lang='lat' dir='ltr'>Quis</span> <span class='ocrx_word' id='word_1_297' title='bbox 813 4195 896 4258; x_wconf 89' lang='lat' dir='ltr'>enim</span> <span class='ocrx_word' id='word_1_298' title='bbox 913 4199 980 4258; x_wconf 90' lang='lat' dir='ltr'>tam</span> <span class='ocrx_word' id='word_1_299' title='bbox 1004 4193 1076 4257; x_wconf 89' lang='lat' dir='ltr'>ebes</span> <span class='ocrx_word' id='word_1_300' title='bbox 1100 4195 1192 4284; x_wconf 85' lang='lat' dir='ltr'>esset,</span> <span class='ocrx_word' id='word_1_301' title='bbox 1215 4193 1291 4256; x_wconf 90' lang='lat' dir='ltr'>dum</span> 
     </span>
     <span class='ocr_line' id='line_1_37' title="bbox 141 4296 1292 4386; baseline -0.005 -20"><span class='ocrx_word' id='word_1_302' title='bbox 141 4299 302 4366; x_wconf 88' lang='lat' dir='ltr'>homiuem</span> <span class='ocrx_word' id='word_1_303' title='bbox 337 4303 428 4363; x_wconf 86' lang='lat' dir='ltr'>tanta</span> <span class='ocrx_word' id='word_1_304' title='bbox 457 4296 785 4386; x_wconf 86' lang='lat' dir='ltr'>perscrutand[ar]um</span> <span class='ocrx_word' id='word_1_305' title='bbox 817 4301 995 4364; x_wconf 85' lang='lat' dir='ltr'>divinarum</span> <span class='ocrx_word' id='word_1_306' title='bbox 1018 4298 1292 4381; x_wconf 86' lang='lat' dir='ltr'>humanarumque</span> 
     </span>
    </p>

    <p class='ocr_par' dir='ltr' id='par_1_4' title="bbox 712 4403 729 4434">
     <span class='ocr_line' id='line_1_38' title="bbox 712 4403 729 4434; baseline 0 0"><span class='ocrx_word' id='word_1_307' title='bbox 712 4403 729 4434; x_wconf 65' lang='grc'>1</span> 
     </span>
    </p>
   </div>
   <div class='ocr_carea' id='block_1_3' title="bbox 141 4451 1291 4601">
    <p class='ocr_par' dir='ltr' id='par_1_5' title="bbox 141 4451 1291 4601">
     <span class='ocr_line' id='line_1_39' title="bbox 214 4451 1291 4517; baseline 0 -9"><span class='ocrx_word' id='word_1_308' title='bbox 214 4456 226 4508; x_wconf 88' lang='lat' dir='ltr'>l</span> <span class='ocrx_word' id='word_1_309' title='bbox 248 4454 288 4509; x_wconf 90' lang='lat' dir='ltr'>Ist</span> <span class='ocrx_word' id='word_1_310' title='bbox 306 4454 351 4509; x_wconf 91' lang='lat' dir='ltr'>die</span> <span class='ocrx_word' id='word_1_311' title='bbox 375 4453 473 4509; x_wconf 79' lang='lat' dir='ltr'>schrift</span> <span class='ocrx_word' id='word_1_312' title='bbox 494 4453 529 4510; x_wconf 89' lang='lat' dir='ltr'>dc</span> <span class='ocrx_word' id='word_1_313' title='bbox 554 4454 724 4517; x_wconf 86' lang='lat' dir='ltr'>inventione,</span> <span class='ocrx_word' id='word_1_314' title='bbox 745 4453 876 4508; x_wconf 72' lang='lat' dir='ltr'>wahrend</span> <span class='ocrx_word' id='word_1_315' title='bbox 890 4453 939 4508; x_wconf 88' lang='lat' dir='ltr'>der</span> <span class='ocrx_word' id='word_1_316' title='bbox 949 4454 1053 4509; x_wconf 83' lang='lat' dir='ltr'>Auctor</span> <span class='ocrx_word' id='word_1_317' title='bbox 1072 4451 1109 4506; x_wconf 87' lang='lat' dir='ltr'>ad</span> <span class='ocrx_word' id='word_1_318' title='bbox 1120 4451 1291 4508; x_wconf 85' lang='lat' dir='ltr'>Herennium</span> 
     </span>
     <span class='ocr_line' id='line_1_40' title="bbox 141 4542 630 4601; baseline -0.004 0"><span class='ocrx_word' id='word_1_319' title='bbox 141 4543 185 4601; x_wconf 81' lang='lat' dir='ltr'>als</span> <span class='ocrx_word' id='word_1_320' title='bbox 204 4561 279 4601; x_wconf 83' lang='lat' dir='ltr'>nova</span> <span class='ocrx_word' id='word_1_321' title='bbox 296 4543 436 4601; x_wconf 81' lang='lat' dir='ltr'>rhetorica</span> <span class='ocrx_word' id='word_1_322' title='bbox 453 4543 532 4598; x_wconf 92' lang='lat' dir='ltr'>citirt</span> <span class='ocrx_word' id='word_1_323' title='bbox 550 4542 630 4599; x_wconf 80' lang='lat' dir='ltr'>wird.</span> 
     </span>
    </p>
   </div>
   <div class='ocr_carea' id='block_1_4' title="bbox 0 0 1558 5252">
    <p class='ocr_par' dir='ltr' id='par_1_6' title="bbox 0 0 1558 5252">
     <span class='ocr_line' id='line_1_41' title="bbox 0 0 1558 5252; baseline 0 1"><span class='ocrx_word' id='word_1_324' title='bbox 0 0 1558 5252; x_wconf 95' lang='lat' dir='ltr'> </span> 
     </span>
    </p>
   </div>
  </div>
 </body>
</html>
