3106 5246
686 447 749 514 20⁷

146 624 226 708 cepi,
251 644 314 707 quo
330 644 523 706 magnopere
542 622 633 688 letor.
680 622 873 706 Expectatus
890 627 964 686 tuus
980 622 1099 686 reditus
1123 621 1295 705 plurimum

144 728 250 813 gaudij
276 729 372 793 certis
395 729 508 792 attulit
529 729 697 807 matronis,
723 729 806 812 quod
832 733 887 792 tua
911 727 1062 791 hactenus
1085 728 1297 812 interceperat

147 834 301 913 absentia,
326 855 383 899 nec
408 834 559 898 minorem
590 833 680 898 illum
704 838 796 897 tuum
826 833 963 897 reditum
988 832 1127 897 leticiam
1150 833 1296 916 pluribus

145 940 252 1006 credas
275 939 430 1016 attulisse,
455 961 549 1023 quam
574 960 727 1003 merorem
752 939 904 1004 discessus
934 943 1008 1002 tuus
1030 939 1192 1003 attulerat.
1243 939 1296 1003 Set

145 1047 249 1132 quid?
290 1043 485 1108 Vallisiunr¹
510 1049 601 1108 tuum
626 1043 910 1122 Kirezemacberin‚
934 1043 1014 1107 alias
1038 1049 1193 1122 scortum,
1224 1066 1295 1109 cum

145 1173 207 1236 quo
228 1149 318 1214 flexis
355 1149 499 1234 genubus
529 1150 564 1213 in
588 1150 722 1213 Austris
751 1148 857 1233 sepius
890 1149 1001 1214 devota
1026 1149 1158 1214 Veneris
1180 1150 1296 1235 agebas

143 1257 235 1335 festa,
258 1256 390 1320 dedecus
413 1254 513 1317 maius
530 1257 608 1336 aput
625 1253 756 1316 dilectas
772 1253 879 1318 hocin
896 1253 967 1319 loco
984 1254 1045 1318 tibi
1061 1255 1176 1336 pariet,
1200 1277 1295 1339 quam

144 1358 333 1449 bon[0rem].
381 1358 482 1424 Hodie
506 1359 589 1422 enim
612 1357 692 1424 mibi
715 1357 841 1422 obviam
871 1357 1001 1441 publica
1022 1358 1055 1421 in
1078 1358 1186 1442 platea
1210 1358 1297 1423 dedit

143 1472 176 1531 et
199 1467 237 1531 de
261 1470 317 1530 tuo
341 1465 422 1528 mihi
445 1464 588 1530 adventu
623 1464 758 1529 iucundo
792 1464 878 1528 omni
907 1485 978 1546 cum
1007 1463 1170 1528 hilaritate
1194 1464 1297 1528 cordis

142 1572 191 1637 sui
213 1570 336 1635 retulit.
382 1568 539 1634 Subiunxi
566 1569 653 1634 inter
686 1572 792 1634 cetera
815 1573 847 1632 te
872 1589 957 1657 nunc
985 1568 1107 1632 balneis
1130 1569 1197 1632 tine
1220 1591 1296 1652 ope·

143 1698 212 1740 ram
234 1675 319 1754 dare,
343 1695 404 1758 que
419 1674 490 1738 ait:
515 1671 602 1738 »Nec
624 1673 728 1756 ipsum
752 1673 881 1737 visitare
905 1672 984 1737 inibi
1001 1672 1067 1737 ullo
1083 1679 1179 1757 pacto
1201 1676 1296 1738 omit

143 1785 220 1860 tam,
243 1801 363 1844 memor
384 1780 573 1858 verborum,
608 1779 723 1862 quibus
755 1799 828 1861 sepe
851 1777 1030 1842 refocillata
1060 1801 1118 1862 per
1143 1801 1214 1844 eum
1238 1780 1296 1859 fui,

144 1886 218 1951 dum
240 1907 363 1951 mecum
394 1883 510 1949 osculis
546 1883 713 1948 fruebatur
735 1883 880 1948 dulcibus
914 1887 946 1947 et
969 1885 1140 1962 morosis,
1178 1884 1224 1948 ita
1247 1885 1295 1948 in-

144 1993 269 2077 quiens:
295 1990 394 2056 Orede
411 1990 518 2068 michi,
540 2011 611 2056 mea
626 1989 691 2068 lux,
716 1992 841 2053 tantum
864 1993 897 2053 te
919 1989 1030 2072 diligo,
1054 1992 1208 2073 quantum
1233 2011 1295 2054 non

144 2098 245 2182 magis
277 2121 316 2162 ex
344 2096 450 2160 animo
474 2097 618 2182 quisquis
642 2117 747 2160 amare
781 2100 907 2179 queat«
955 2093 1140 2160 Necessario
1167 2095 1297 2159 deloco

144 2204 270 2286 privato
301 2202 466 2286 providere
489 2201 636 2279 habebis,
670 2200 726 2263 ubi
749 2199 849 2283 ipsam
881 2199 990 2264 audire
1013 2220 1049 2264 ac
1072 2198 1219 2282 expedire
1242 2221 1296 2262 va-

143 2307 207 2370 leas
229 2307 268 2370 de
289 2308 350 2370 sibi
374 2306 555 2370 commissis.
590 2304 632 2368 nt
648 2310 684 2369 ut
707 2303 793 2369 salve
822 2305 888 2368 sint
910 2326 959 2368 res
990 2305 1131 2388 cogitare
1154 2304 1296 2384 habebis,

144 2432 218 2474 nam
248 2411 309 2474 nisi
333 2415 405 2474 astu
428 2415 625 2490 tractentur,
649 2411 682 2474 in
709 2411 837 2476 irritum
861 2412 1004 2476 evadent.
1051 2409 1101 2477 lta
1123 2410 1297 2494 flagranter

144 2520 176 2580 te
198 2537 304 2580 amare
338 2517 460 2596 sencio,
496 2521 532 2580 ut
557 2514 660 2580 facilis
691 2522 724 2580 te
746 2517 944 2600 amplexibus
975 2514 1172 2581 dulcorosis²
1202 2537 1297 2600 super

143 2641 257 2703 corpus
280 2641 373 2686 suum
396 2621 495 2685 arista
519 2621 668 2684 leviorem
685 2621 776 2699 ferat,
799 2623 848 2685 uti
877 2657 914 2670 -
947 2627 982 2686 nt
1004 2625 1116 2687 narrat
1130 2659 1173 2668 —
1190 2623 1296 2705 sepius

144 2729 359 2805 consueverat,
385 2726 484 2789 donec
508 2722 701 2808 [excussis]⁸
725 2726 791 2788 tuis
815 2727 945 2791 renibus
969 2727 1030 2792 tibi
1056 2732 1088 2791 et
1111 2727 1225 2790 ceteris
1247 2727 1295 2790 di-

143 2835 249 2895 catur:
284 2828 428 2894 Claudite
450 2829 545 2906 rivos,
567 2833 615 2892 sai
640 2833 697 2908 est,
720 2835 813 2913 prata
836 2832 996 2898 biberunt.

616 3069 825 3077 w*—

681 3250 765 3324 102.

169 3407 364 3482 Hermann
392 3407 547 3483 Scbedel
575 3431 624 3481 an
652 3409 844 3506 [Valentia
872 3409 979 3482 liber.
1035 3413 1259 3509 Ndrnberg}

503 3565 564 3620 em.
585 3566 637 3620 aa
655 3565 674 3622 f.
693 3566 753 3621 esc.
790 3566 912 3637 concept
922 3567 941 3622 ⁴.

143 3672 479 3773 llbersendung
503 3679 618 3753 eines
641 3689 876 3753 almonach.
916 3688 1295 3772 Entsehuldigung

188 3797 343 3858 seiner
367 3794 781 3878 ausgelassenheit
804 3796 871 3859 bei
893 3795 1017 3859 Ebers
1042 3793 1250 3859 boehzeit.

230 3950 261 4016 S.
285 3972 314 4034 p.
339 3952 367 4014 d.
421 3950 658 4018 Preclarissime
682 3952 747 4030 vir,
778 3952 878 4016 amice
910 3973 946 4016 ac
968 3952 1130 4016 fautorum
1152 3952 1294 4016 omnium

708 4088 727 4123 {e

214 4170 226 4223 1
250 4169 331 4225 Kann
349 4169 394 4224 ich
413 4169 492 4223 nicht
510 4167 646 4224 erlrltren.
717 4169 734 4221 2
751 4167 778 4221 S.
793 4169 835 4222 ou
847 4167 942 4238 Gange
959 4187 980 4222 s.
994 4185 1021 4222 v.
1116 4169 1133 4222 3
1152 4167 1295 4224 Teilweise

143 4257 367 4326 abgeschnitten.
422 4257 738 4312 lSobrunordentlich.
771 4257 973 4311 Adressenach
986 4256 1076 4310 einem
1090 4255 1128 4309 Mi
1142 4255 1294 4310 Valentine

141 4345 170 4399 in
185 4345 261 4400 einer
272 4343 375 4398 wieder
385 4343 581 4413 gastricbenen
594 4344 684 4398 stelle.
723 4344 790 4398 Wes
816 4343 865 4399 der
885 4344 959 4399 briei
968 4345 1039 4400 noch
1053 4344 1134 4398 hatte
1146 4344 1294 4398 enthelten

141 4431 239 4498 sollen,
252 4432 330 4486 steht
343 4431 394 4486 aul
405 4431 564 4485 demselben
578 4430 669 4485 blatt:
691 4431 728 4485 De
744 4431 826 4486 Petro
838 4431 872 4486 do
884 4429 1051 4500 crescencijs
1065 4433 1093 4486 et
1106 4429 1140 4486 de
1152 4431 1294 4502 perpetuis

141 4520 268 4574 censibus
288 4518 448 4592 [suiggeld]
469 4518 521 4572 sibi
534 4517 730 4586 comparandis
749 4521 777 4570 et
801 4520 916 4574 Georius
934 4522 967 4573 ut
986 4519 1085 4574 mittat
1101 4519 1215 4574 literam
1235 4537 1294 4573 ma·
