3106 5252
807 457 850 522 48

258 631 304 695 ita
325 636 363 695 ut
385 630 474 696 robis
498 652 560 694 nou
584 652 686 716 prece,
711 632 899 717 quinymmo
921 632 989 697 solo
1005 632 1090 696 iussu
1113 627 1260 716 opus'sit.
1298 633 1407 710 Quan-

257 741 326 800 tum
349 735 450 821 igitur
473 735 506 800 in
530 757 581 801 me
603 737 674 816 erit,
697 738 805 802 omnia
826 759 964 820 pronon
986 737 1081 802 factis
1103 736 1221 803 babere
1244 739 1408 819 constitui,

257 840 438 906 defensione
460 844 566 906 tamen
589 842 668 906 mihi
684 864 809 927 semper
825 842 921 922 salva,
944 843 970 908 si
987 843 1088 908 eidem
1102 839 1334 928 Siglismundo]
1358 843 1409 908 in·

257 951 351 1010 autea
385 968 435 1010 me
469 946 660 1011 iudicialiter
693 947 854 1012 occasione
888 947 998 1012 littere
1032 947 1279 1014 conveniendum
1302 949 1409 1012 animo

260 1051 422 1131 resideret,
447 1052 531 1136 quod
555 1051 700 1116 futurum
724 1072 787 1116 non
811 1052 913 1116 oredo.

346 1154 468 1220 Rursus
492 1178 563 1221 oum
586 1156 800 1222 intellexerim
828 1157 1010 1242 imperiales
1025 1163 1065 1222 et
1088 1158 1305 1242 imperatrices
1335 1180 1411 1241 pre·

258 1283 307 1326 ces
330 1282 388 1344 pro
403 1258 553 1326 Udalrico
576 1262 644 1327 filio
668 1268 772 1328 restro
789 1264 828 1328 ad
845 1263 1033 1328 collaciones
1048 1285 1106 1346 per
1120 1285 1176 1328 vos
1199 1263 1408 1349 explorandas

257 1366 350 1431 facile
372 1366 512 1432 obtineri
535 1389 625 1451 posse
649 1372 746 1453 atque
769 1368 802 1432 in
825 1367 887 1432 hoc
909 1388 972 1431 uno
993 1390 1087 1453 quam
1110 1367 1287 1453 qualiterve
1311 1388 1411 1452 agen-

258 1473 332 1536 dum
354 1472 444 1536 robis
467 1473 519 1550 sit,
545 1495 594 1537 me
621 1474 782 1559 requirere
803 1473 965 1553 voluistis,
994 1493 1053 1557 ego
1075 1495 1159 1552 vero,
1184 1474 1239 1559 qui
1263 1474 1309 1538 nil
1333 1473 1413 1537 mihi

257 1578 382 1662 gratius
404 1600 499 1661 quam
510 1579 599 1643 vobis
609 1583 642 1643 et
652 1581 766 1644 restris
777 1579 903 1664 plaeere
914 1600 1006 1664 posse
1021 1578 1176 1658 existimo,
1192 1601 1264 1644 cum
1279 1578 1343 1642 iam
1355 1578 1412 1642 du·

258 1684 333 1748 dum
341 1681 572 1764 deliberassem,
585 1685 734 1771 diligenti
748 1685 903 1750 scrutinio
914 1707 1010 1769 super
1021 1685 1080 1750 hoc
1090 1684 1211 1764 habito,
1221 1683 1408 1749 collaciones

258 1788 325 1852 filio
339 1791 446 1852 vestro
462 1788 573 1874 dignas
589 1791 682 1856 hodie
697 1796 844 1863 vacantes
859 1812 923 1856 non
937 1791 1099 1875 comparui
1112 1790 1159 1874 [!].
1185 1785 1268 1854 Loca
1283 1790 1414 1872 insuper

259 1915 379 1977 pervos
397 1895 559 1959 nominata
570 1895 665 1981 longe
678 1901 752 1961 ante
761 1901 915 1980 occupata
924 1900 1008 1960 sunt.
1029 1893 1265 1960 conducibilius
1276 1893 1413 1978 denique

261 2003 358 2085 atque
376 1999 488 2063 utilius
503 2001 652 2082 arbitror,
676 2001 806 2066 omnino
828 2000 889 2065 hoc
913 2006 1054 2085 tempore
1077 2000 1290 2084 supersedere,
1314 2020 1409 2084 quam

259 2129 317 2190 pro
341 2105 478 2174 exilibus
501 2107 642 2192 levisque
667 2108 876 2192 importanoie
912 2106 1072 2190 beneficijs
1099 2107 1234 2170 maiores
1257 2124 1411 2188 expensas

259 2214 373 2278 facere.
419 2212 666 2299 Signaturarum
690 2212 775 2276 enim
789 2211 896 2276 facilis
916 2212 1073 2288 obtensio,
1098 2210 1239 2276 difficilis
1262 2232 1337 2275 vero
1362 2216 1412 2274 at·

263 2341 324 2404 que
339 2323 526 2402 sumptuosa
548 2317 713 2396 extraccio,
737 2323 836 2400 prout
862 2339 899 2380 ex
926 2316 997 2400 alijs
1019 2339 1070 2380 me
1093 2316 1267 2400 sapientius
1288 2314 1410 2380 intelli-

263 2424 414 2508 gentibus
430 2424 546 2488 clarius
560 2423 705 2506 excipere
715 2422 930 2506 potuistisetc.
944 2457 986 2468 —
999 2405 1038 2484 Ι).
1047 2419 1183 2485 liarolus
1193 2419 1305 2507 Egen¹
1323 2441 1412 2484 men·

260 2530 347 2594 sibus
363 2529 453 2615 quasi
482 2529 603 2595 duobus
620 2528 685 2592 iam
712 2529 810 2612 lapsis
833 2528 866 2592 in
883 2526 1083 2612 capellanum
1108 2526 1227 2590 domini
1243 2524 1414 2590 cardinalis

260 2640 292 2699 et
307 2634 407 2718 legati
422 2631 435 2670 ²
451 2625 598 2718 acceptus
615 2656 652 2699 ex
668 2633 815 2717 Wyenna
830 2655 935 2699 secum
952 2634 985 2697 in
1002 2632 1093 2718 aquis
1109 2629 1285 2716 Ungariam
1300 2653 1412 2697 versus

261 2739 423 2823 proiectus
437 2743 485 2804 est
500 2743 558 2804 ete.

348 2843 483 2930 insuper
498 2866 557 2928 pro
581 2849 672 2928 parte
688 2847 789 2908 status
814 2843 874 2907 mei
892 2849 1047 2929 quantum
1067 2844 1172 2928 operis
1195 2838 1334 2929 eousque
1356 2843 1413 2908 ad·

261 2950 440 3028 hibueritis,
457 2950 656 3033 experieucia
671 2950 781 3013 doctus
797 2971 876 3014 sum.
922 2947 1000 3014 Rem
1026 2950 1144 3014 etenim
1162 2950 1252 3035 quasi
1283 2947 1410 3032 expedi·

262 3061 326 3120 tarn
341 3057 390 3120 vel
422 3056 590 3120 novissime
614 3056 838 3139 expediendam
861 3055 1075 3140 salariumque
1098 3056 1131 3120 in
1158 3055 1329 3120 arbitrium
1344 3076 1411 3144 oer-

261 3164 367 3224 tarum
383 3181 589 3244 personarum
612 3161 701 3225 vobis
716 3160 899 3226 solicitante
921 3162 1058 3227 locatum
1085 3162 1255 3246 comperis,
1280 3182 1415 3246 quorum

262 3266 397 3330 arbitrio
421 3287 471 3330 me
497 3265 598 3330 libens
623 3265 754 3345 subicio,
776 3265 908 3330 minime
931 3267 1090 3348 dubitans,
1119 3268 1195 3353 quin
1220 3267 1359 3352 pensatis
1380 3267 1413 3330 in

262 3373 321 3436 hac
346 3394 380 3435 re
403 3372 471 3436 iure
493 3372 615 3455 optimo
642 3373 811 3454 pensandis
839 3372 986 3456 legaliter
1012 3373 1090 3437 mihi
1110 3374 1267 3457 provideri
1284 3373 1412 3440 debebit

262 3481 300 3540 ut
314 3476 412 3541 michi
430 3477 493 3560 ipsi
510 3477 644 3541 utilitati
668 3481 699 3541 et
724 3477 859 3542 dominis
880 3479 957 3542 meis
973 3479 1087 3543 honori
1105 3501 1170 3544 esse
1185 3480 1312 3564 possim.
1358 3477 1414 3542 lu-

262 3587 456 3647 crementum
487 3584 572 3648 enim
600 3583 733 3668 (meum)
757 3606 820 3648 non
844 3585 945 3666 magis
969 3607 1072 3649 meum
1095 3607 1189 3670 quam
1214 3585 1414 3649 dominorum

263 3710 406 3754 meorum
430 3694 552 3772 reputo,
579 3711 637 3773 pro
668 3711 801 3773 quorum
834 3690 933 3754 atrei
956 3689 1212 3772 publiceeorum
1239 3689 1414 3768 commodo,

262 3794 405 3859 utilitate
429 3800 462 3859 et
486 3796 607 3859 honore
631 3794 755 3859 nullum
784 3817 933 3880 umquam
959 3796 1071 3860 mortis
1108 3795 1286 3878 periculum
1307 3794 1417 3858 subire

264 3900 451 3965 formidabo.
504 3905 611 3985 Atque
634 3901 726 3965 deum
749 3922 825 3980 cru,
859 3924 899 3966 ne
932 3901 1017 3966 huno
1039 3924 1089 3964 me
1111 3901 1193 3966 diem
1217 3901 1321 3966 vivere
1343 3922 1417 3984 per-

264 4007 383 4086 mittat,
408 4028 480 4090 que,
505 4028 568 4070 non
592 4006 662 4070 dico
678 4006 710 4073 id
725 4005 838 4090 loquar
854 4006 903 4071 vel
919 4007 1034 4072 faciam
1057 4045 1095 4054 -
1119 4030 1228 4072 verum
1253 4029 1316 4092 quo
1339 4008 1419 4072 talia

263 4109 393 4175 meute⁸
418 4110 586 4188 revolvam,
613 4132 674 4193 que
697 4111 756 4174 iste
779 4112 1036 4194 perversissimus
1060 4112 1222 4176 hominum
1246 4109 1418 4176 Hainricus

832 4260 850 4298 ³l‘

337 4429 348 4481 l
370 4427 423 4480 Ein
442 4427 519 4481 aonst
537 4425 617 4482 nicht
631 4425 789 4479 eruthnter
807 4427 993 4496 angeheriger
1006 4428 1055 4482 der
1064 4428 1224 4483 bekanuten
1235 4427 1419 4496 Augsbnrsser

269 4513 521 4585 patriaierfamilie.
593 4513 702 4568 2Juan
722 4513 863 4584 Carvajal.
936 4516 952 4568 3
970 4515 1029 4571 cod.
1049 4515 1144 4570 menti.
