3106 5246
143 852 336 926 Hermann
360 851 515 926 Schedel
542 875 592 924 an
620 851 784 924 Thomas
803 851 1047 925 Pirkheimer.
1098 852 1297 950 Nurnberg

565 975 661 1048 1469
687 975 760 1068 juli
789 975 834 1046 29
852 973 875 1047 ¹.

417 1129 481 1182 am.
500 1127 553 1182 aar
572 1126 593 1182 r.
611 1128 664 1184 aas
682 1127 802 1198 einlsge.
842 1127 1018 1183 sensenna.

143 1251 551 1336 Entschuldigung
589 1253 716 1317 einer
753 1252 1050 1318 seherahaften
1083 1254 1295 1338 geldfor·

635 1358 810 1441 derung.

229 1495 372 1561 Salutem
404 1519 475 1562 cum
504 1497 627 1562 sincera
657 1499 707 1561 sui
740 1497 1059 1562 recommendacione.
1116 1497 1297 1566 Reverendo

142 1609 244 1686 pater.
291 1601 398 1667 Pridie
422 1603 568 1668 dominus
595 1623 682 1667 meus
709 1603 810 1668 sancti
834 1600 989 1667 Sebaldi²
1026 1624 1064 1667 ex
1088 1605 1223 1688 quadam
1246 1605 1295 1670 fa-

144 1707 331 1772 miliaritate
353 1711 386 1772 et
407 1707 644 1784 benevolentia,
674 1728 738 1791 qua
766 1730 823 1772 sua
853 1707 965 1773 innata
996 1708 1132 1793 quadam
1163 1709 1296 1776 caritate

143 1813 223 1877 milri
246 1811 407 1892 afficitur,
440 1810 583 1877 cedulam
605 1833 700 1876 unam
724 1833 774 1876 me
797 1811 904 1896 legere
932 1811 1010 1877 fecit
1033 1813 1070 1880 de
1094 1836 1189 1878 manu
1213 1815 1242 1878 d.
1265 1837 1294 1879 v.

141 1920 172 1982 et
195 1940 253 1982 sua
269 1938 319 1981 me
340 1916 439 1980 inscio
455 1916 616 2000 scriptam,
641 1916 674 1979 in
697 1937 760 2000 qua
776 1936 909 1995 mecum,
937 1917 985 1981 uti
1001 1919 1174 1998 consuevit,
1198 1920 1296 1985 iocari

142 2023 274 2106 placuit,
298 2022 381 2108 quod
411 2022 490 2085 etin
507 2021 622 2085 bonam
639 2019 870 2105 interpretatus
889 2043 958 2086 sum
975 2029 1109 2107 partem,
1132 2046 1196 2091 nou
1212 2026 1297 2110 quod

142 2128 282 2213 aliquam
307 2127 491 2212 pecuniam,
523 2127 616 2192 utin
641 2127 750 2192 eadem
777 2129 1001 2194 continebatur
1024 2128 1143 2210 cedula,
1166 2153 1186 2195 a
1208 2132 1297 2197 vobis

141 2237 196 2298 aut
219 2233 259 2297 ab
283 2233 352 2317 ipso
376 2254 413 2296 ex
436 2236 528 2314 parte
551 2231 674 2314 consilij
696 2253 866 2322 parumper
889 2234 1048 2299 emendati
1063 2235 1224 2320 exigerem
1240 2241 1297 2306 aut

141 2337 358 2423 requiramlll.
413 2335 596 2421 Numquam
627 2337 712 2400 enim
745 2341 883 2402 mentem
921 2361 1023 2403 meam
1056 2341 1167 2424 quovis
1202 2346 1296 2425 pacto

143 2445 252 2524 movit,
275 2464 334 2528 pro
356 2448 422 2508 tam
447 2441 521 2507 exili
537 2442 646 2507 labore
669 2443 789 2526 aliquid
813 2444 941 2525 exigere
969 2449 1026 2508 aut
1048 2450 1167 2528 petere,
1189 2467 1295 2530 ymmo

142 2551 167 2613 si
190 2571 303 2614 nervos
327 2569 413 2613 meos
435 2569 493 2632 pro
518 2549 665 2624 comodo,
689 2548 810 2613 honore
833 2553 864 2612 et
893 2548 1074 2613 valetudine
1097 2550 1127 2614 d.
1151 2572 1180 2613 v.
1204 2570 1295 2634 repa·

142 2655 240 2720 randa
262 2655 297 2718 iu
320 2653 433 2718 maiori
457 2652 677 2733 extendissem,
700 2675 862 2738 nunquam
885 2652 1051 2718 minimum
1066 2654 1197 2719 obulum
1223 2678 1242 2719 s
1264 2656 1294 2720 d.

141 2782 167 2823 v.
197 2759 382 2844 exegissem.
436 2755 561 2822 Credite
584 2755 744 2840 profecto,
776 2758 833 2822 hec
865 2758 983 2842 scripta
1012 2781 1030 2823 a
1058 2759 1186 2824 domiuo
1225 2782 1295 2826 meo

139 2866 238 2930 sancti
270 2863 396 2928 Sebaldi
430 2884 468 2927 ex
497 2864 620 2927 sincero
653 2864 746 2928 corde
768 2862 933 2947 prodijsss.
992 2862 1087 2928 Haud
1113 2865 1244 2946 dubito,
1268 2867 1296 2931 si

139 2970 346 3052 prescivisset,
369 2968 427 3033 bec
449 2969 477 3032 d.
505 2992 534 3033 v.
557 2989 632 3050 egre
655 2969 777 3049 tulisse,
800 2967 950 3033 offensam
968 2991 1095 3034 omnem
1129 2971 1296 3036 scribendo

141 3073 397 3157 subterfugisset.
445 3071 503 3138 cui
527 3072 629 3137 honor
644 3073 673 3137 d.
689 3094 717 3136 v.
741 3094 804 3137 nou
821 3073 927 3138 minus
950 3096 1046 3159 quam
1072 3075 1222 3160 proprius
1246 3097 1294 3140 re·

140 3180 325 3244 commissus
348 3185 405 3259 est,
428 3200 486 3264 pro
511 3199 574 3264 quo
609 3178 803 3243 defendendo
827 3179 1001 3246 maximum
1024 3181 1111 3245 adire
1136 3185 1294 3248 certamen

139 3286 278 3349 auderet.
334 3283 467 3348 Omnem
499 3284 602 3368 igitur
637 3284 850 3367 suspicionem
882 3285 959 3350 mali
992 3271 1127 3351 acorde
1150 3309 1294 3352 amovere

140 3389 245 3454 velitis
269 3411 357 3474 rogo.
403 3388 493 3452 Inter
518 3389 635 3453 amicos
659 3389 743 3453 euim
767 3389 939 3472 aliquando
963 3391 1060 3455 iocari
1084 3390 1170 3456 licet.
1210 3391 1294 3459 Nam

141 3500 171 3561 et
196 3499 362 3581 Augustus
385 3496 475 3579 ipse,
498 3498 535 3559 ut
558 3495 672 3558 recitat
695 3492 875 3557 Macrobius
900 3494 932 3557 in
957 3494 1184 3570 saturnalibus,
1209 3494 1293 3560 iocos

140 3601 243 3687 magis
253 3601 478 3678 admirabatur,
491 3619 570 3684 quos
581 3598 725 3682 pertulit,
739 3621 834 3684 quam
850 3621 928 3684 quos
944 3600 1013 3683 ipse
1028 3599 1208 3684 protulerit,
1220 3602 1295 3684 quia

140 3708 241 3772 maior
263 3712 310 3770 est
333 3705 495 3788 paciencie
521 3726 615 3789 quam
648 3705 797 3770 facundie
819 3705 906 3784 laus,
941 3705 1078 3770 maxims
1101 3725 1173 3770 cum
1197 3726 1293 3790 squa-

140 3813 269 3878 nimiter
285 3811 393 3896 aliqua
408 3812 506 3875 eciam
524 3810 718 3876 mordatiora
732 3809 913 3894 pertulerit.
960 3810 1094 3887 Quidam
1120 3811 1204 3874 enim
1220 3832 1292 3893 pro-

139 3918 283 3983 vincialis
306 3917 484 3982 intraverat
506 3916 650 3998 Romam,
680 3917 850 3983 similimus
865 3919 964 3982 cesari
989 3919 1070 3983 etin
1093 3939 1126 3982 se
1150 3917 1292 3982 omnium

143 4045 199 4088 ora
217 4021 448 4108 convertlerbt.
474 4022 637 4106 Augustus
653 4023 783 4106 perduci
798 4024 837 4088 ud
849 4045 882 4086 se
893 4023 1051 4088 hominem
1069 4023 1161 4087 iussit
1177 4021 1293 4085 visum-

709 4131 726 4170 ’l‘

210 4233 222 4284 l
246 4229 308 4298 Vgl.
328 4229 399 4285 oben
417 4247 443 4300 p.
463 4228 517 4284 56⁴.
594 4231 610 4282 2
628 4229 739 4284 Plarrer
758 4245 813 4283 von
832 4230 871 4284 St.
890 4228 993 4284 Sebald
1012 4247 1070 4284 war
1089 4228 1141 4282 seit
1160 4228 1228 4282 1465
1247 4227 1292 4283 Jo-

139 4321 245 4374 hannes
263 4317 387 4374 Lochner
406 4335 426 4372 s.
449 4317 489 4371 St.
509 4314 573 4371 Chr.
593 4315 625 4381 X,
644 4316 712 4381 289,
740 4317 810 4372 doch
837 4318 874 4371 ist
901 4315 962 4372 bier
981 4315 1215 4386 mbgliehcrweise
1245 4314 1291 4370 ein

141 4409 168 4462 iu
188 4408 279 4462 einem
298 4407 376 4461 sonst
393 4407 541 4461 wertlosen
559 4404 647 4459 briefe
659 4403 816 4459 Hermanns
835 4405 908 4471 (clm.
927 4405 977 4457 441
997 4405 1016 4458 f.
1035 4403 1111 4473 224⁵)
1136 4405 1292 4475 genanntsr

140 4493 299 4551 leonardus
319 4492 440 4546 vicarius
458 4493 487 4547 in
506 4494 621 4550 ecclesia
640 4493 685 4547 sti.
705 4491 819 4547 Sebaldi
836 4492 968 4562 gemeiut.
