3092 5244
668 461 730 528 123

124 638 195 700 ate
218 636 313 720 diligi
335 627 497 720 reciproca
520 636 693 704 dileccione
727 636 872 721 pluribus
895 636 989 701 rebar
1011 636 1271 718 argumentis...

125 741 203 806 Vale
228 746 262 807 et
284 741 423 807 studiose
444 741 550 826 incipe
571 742 605 806 in
628 741 722 807 scolis
737 741 822 806 dicte
837 740 960 806 mistice
976 739 1139 824 theologie
1162 742 1272 826 dispu-

125 851 201 926 tare,
225 851 259 910 et
284 846 398 911 harum
422 845 557 911 latorem
581 867 713 911 vacuum
745 846 809 911 tuis
839 846 943 911 literis
966 868 1030 911 nou
1054 846 1138 910 sinas
1163 847 1201 910 ad
1224 868 1275 910 me

125 951 235 1016 redire.
283 949 330 1014 Ex
347 949 514 1035 Dillingeu
542 950 611 1034 ipro
634 950 685 1015 die
706 948 840 1014 Veneris
867 954 942 1015 ante
975 949 1091 1014 festum
1122 949 1273 1034 purifica-

125 1056 223 1122 oionis
245 1055 295 1119 dei
319 1055 488 1140 genitricis
511 1077 594 1121 anno
617 1054 737 1120 domini
762 1054 935 1119 millesimo
958 1054 1271 1140 quadringentesimo

127 1161 321 1247 sexagesimo
344 1161 465 1246 quinto.

10 1625 11 1632 ,
671 1571 731 1644 so.

127 1713 321 1788 monuero
354 1713 482 1788 cessa
511 1737 561 1786 an
599 1709 891 1785 cernerentur.
935 1709 1137 1804 sugscurg
1178 1708 1273 1782 mea

10 1881 11 1892 ,
595 1833 689 1907 febr.
721 1826 812 1906 27.1

430 1989 494 2044 clm.
512 1987 598 2044 2484?
618 1988 636 2044 l.
655 1989 786 2044 ass-56.
822 1985 974 2042 Absclrrilt.

10 2103 11 2172 i
129 2113 265 2179 Dankt
288 2113 351 2178 fur
373 2113 437 2179 dic
460 2111 795 2198 erm'ahuungou,
818 2111 944 2176 denen
962 2110 1160 2195 erfolgeu
1183 2109 1275 2177 will.

208 2255 287 2322 Post
309 2254 447 2320 salutem
472 2252 644 2337 plurimam
668 2273 739 2317 cum
756 2252 805 2316 sui
829 2253 1148 2318 recommendacione.
1198 2249 1275 2316 Vel·

125 2361 195 2441 lem,
230 2360 447 2426 amantissime
474 2359 592 2438 frater,
622 2357 802 2422 dulcissime
845 2361 899 2423 tue
927 2357 1112 2422 transmisse
1141 2356 1275 2442 epistole

126 2486 214 2531 sensu
238 2470 274 2530 et
296 2468 412 2531 ornatu
434 2463 655 2548 limpidissime
678 2467 845 2548 pergratas
869 2461 998 2527 reddere
1023 2462 1116 2540 vices,
1140 2463 1193 2526 sed
1217 2460 1273 2525 ob·

125 2570 283 2635 stantibus
304 2569 452 2654 pluribus
467 2569 528 2636 hoc
542 2569 710 2647 modicum,
736 2569 819 2652 quod
835 2591 874 2633 ex
889 2569 982 2633 corde
998 2567 1108 2647 offero,
1131 2567 1273 2650 recipies.

126 2673 281 2741 Lectitavi
312 2698 450 2760 namque
482 2676 593 2741 crebro
626 2675 793 2758 epistolam
818 2673 923 2753 illam,
954 2696 1048 2757 quam
1073 2695 1110 2738 ex
1133 2673 1275 2737 freierus

124 2783 267 2863 caritate,
292 2804 354 2868 qua
376 2805 426 2848 me
452 2782 581 2867 diligis,
611 2781 743 2866 suscepi.
792 2779 837 2844 Ex
860 2780 1029 2862 sentencijs
1052 2778 1139 2843 illius
1163 2798 1268 2841 emen-

10 2901 11 2986 ᾗ
125 2889 287 2953 dacionem
310 2889 473 2972 proposui,
498 2910 606 2974 ymmo
629 2887 679 2952 his
703 2886 824 2964 diebus,
848 2885 962 2970 quibus
984 2882 1175 2969 prochdolor
1198 2882 1272 2946 hac-

126 2996 212 3086 tenus
242 3015 301 3078 per
324 3014 425 3057 meam
456 2993 553 3057 vitam
576 2993 650 3075 plus
672 2990 767 3072 solito
800 2990 981 3074 insolencijs
1004 2990 1130 3069 iustiti,
1164 2988 1276 3072 pedem

127 3098 252 3178 retraxi,
276 3097 377 3182 quieti
400 3120 450 3162 me
466 3097 547 3177 dedi,
574 3098 651 3163 adeo
673 3100 720 3174 ut,
744 3118 808 3161 una
831 3101 924 3162 nocte
948 3097 1114 3161 dumtaxat
1137 3096 1275 3178 dempta,
1382 3151 1384 3160 .

10 3273 11 3282 χ
127 3204 259 3288 septima
282 3201 362 3290 hora
385 3201 417 3265 iu
441 3201 560 3267 lectum
589 3223 640 3266 me
670 3203 877 3284 reposuerim.
933 3199 1135 3266 Gravissimis
1159 3197 1274 3265 etenim

127 3313 307 3373 sanctorum
331 3309 462 3390 patrum
484 3307 657 3390 sentencijs
680 3329 730 3371 me
752 3307 799 3371 sic
823 3307 979 3387 excitasti,
1003 3313 1039 3371 ut
1055 3306 1200 3390 profecto
1222 3304 1275 3369 vix

10 3427 11 3436 ²
126 3413 158 3476 in
181 3413 247 3479 vita
271 3433 328 3477 uec
362 3413 497 3497 legendo
529 3416 584 3477 aut
617 3413 786 3477 scribendo
817 3413 883 3477 sive
913 3413 1011 3476 eciam
1035 3411 1274 3476 exhortaciones

10 3587 11 3596 χ
127 3519 380 3583 doctissimorum
415 3517 569 3582 audiendo
602 3541 640 3583 ex
663 3539 776 3601 sopore
800 3517 936 3602 quodam
960 3518 1049 3600 gravi
1073 3517 1118 3580 sic
1141 3516 1274 3580 resusci-

128 3627 210 3688 tatus
232 3623 359 3688 fuerim.
405 3619 536 3686 Utinam
566 3623 698 3706 spiritus
721 3644 784 3686 non
809 3623 852 3685 sit
875 3619 1045 3700 torrena⁹‚
1080 3621 1133 3685 scd
1156 3627 1188 3685 et
1211 3621 1276 3684 tuis

128 3752 161 3794 ac
183 3729 320 3795 aliorum
342 3728 481 3794 fratrum
504 3733 536 3793 ct
561 3731 734 3794 amicorum
763 3729 963 3794 oracionibus
996 3732 1091 3812 atque
1114 3726 1276 3810 suffragijs

128 3837 200 3899 deus
232 3836 434 3918 omnipotens
464 3857 522 3919 por
555 3858 643 3900 suam
671 3835 918 3900 misericordiam
954 3832 1120 3898 confirmet
1150 3832 1182 3894 iu
1216 3853 1277 3911 me,

129 3942 209 4022 quod
239 3941 304 4005 suis
332 3941 550 4005 saluberrimis
580 3941 732 4026 exemplis
766 3945 916 4025 operatus
945 3942 1001 4005 est.
1056 3935 1127 4002 Scio
1150 3941 1182 4001 et
1205 3957 1277 4000 vere

128 4045 189 4111 scio
205 4046 345 4110 defectus
361 4048 423 4110 iam
441 4048 669 4130 quottidianos‚
694 4047 799 4112 sencio
816 4069 945 4132 gravem
964 4044 1189 4110 alterationem
1205 4063 1274 4106 cor·

128 4152 212 4234 poris
236 4156 268 4216 et
290 4153 399 4217 animi.
449 4154 606 4218 Admouet
629 4176 679 4218 me
702 4155 807 4237 sepius
827 4151 906 4236 'pius
934 4159 966 4217 ct
990 4148 1168 4214 misericors
1191 4146 1281 4224 deur„

129 4257 214 4322 cuius
237 4259 468 4338 admonitioni,
500 4265 532 4324 et
555 4260 581 4323 si
605 4263 780 4324 contumax
800 4258 932 4337 luerim,
956 4256 1110 4322 desiderio
1133 4251 1275 4320 desidero

696 4401 714 4441 dt

195 4519 357 4575 lAntwort
384 4537 448 4576 num
468 4519 589 4589 rotigen.
661 4519 762 4586 avgl.
781 4518 853 4572 obcn
873 4535 914 4572 nr.
934 4518 969 4571 33
991 4517 1047 4572 und
1065 4535 1109 4572 nr.
1130 4517 1172 4572 l&
