3106 5252
711 469 751 533 21

154 641 204 706 dit
226 641 352 705 fluvius.
398 638 500 726 Lycos
523 642 607 706 enim
631 663 726 725 greca
750 643 1020 728 interpretacioue
1051 644 1151 710 dulcis
1179 645 1306 710 dicitur.

153 744 207 812 Sic
229 749 334 811 autem
357 751 561 830 nuncupatur
583 749 695 828 amuis,
725 749 781 834 qui
813 749 1016 833 metropolim
1040 747 1214 816 Suevorum
1238 751 1305 815 Au·

154 855 282 937 gustam
305 852 418 932 ambit,
442 852 497 916 ubi
520 875 617 933 mure,
641 854 697 918 ubi
720 855 860 940 nymphe
890 854 978 920 omni
1001 853 1115 919 mero¹
1140 855 1304 922 dulciores.

155 955 187 1021 Si
203 978 266 1021 non
280 956 437 1022 suavitate
452 977 519 1038 sua,
531 958 604 1042 plus
620 980 715 1043 quam
727 958 819 1024 Circe
831 957 967 1040 Ulixem,
982 959 1076 1025 corda
1092 981 1184 1025 saxea
1199 963 1305 1025 trans·

155 1062 335 1141 mutaverit,
359 1065 395 1126 tu
418 1061 660 1147 alterOrpbeus
682 1064 742 1142 dic,
766 1065 916 1149 quociens
928 1069 984 1130 tua
1006 1065 1114 1130 fistula
1136 1064 1306 1149 virgiliana

153 1167 364 1232 ciceronicum
387 1167 511 1232 labrum
546 1172 579 1232 et
606 1168 831 1235 declamatoria
862 1191 919 1234 ora
941 1167 1133 1245 Quintiliani
1157 1167 1305 1234 evicisti?

154 1269 228 1337 Non
265 1294 342 1357 ergo
377 1293 485 1338 amera
508 1294 585 1357 gens
607 1276 793 1356 reputetur,
824 1295 905 1358 quae
936 1278 1001 1342 tam
1025 1271 1184 1356 pijssimos
1207 1271 1305 1340 habat

151 1381 278 1461 patres,
306 1376 456 1461 Troijane
479 1379 585 1464 gentis
607 1378 775 1463 reliquias,
806 1379 833 1442 si
857 1378 919 1444 rite
942 1377 1050 1444 audita
1073 1376 1302 1444 recordor2...

151 1530 221 1548 ....
237 1481 359 1566 [folgen
384 1483 511 1548 weitere
533 1483 797 1568 ermabnungen.]

240 1584 274 1674 [f.
299 1586 393 1674 297⁵]
428 1587 513 1652 Ante
535 1588 641 1653 omnia
671 1609 746 1654 varo
768 1588 973 1671 circumspice
997 1586 1187 1673 diligenter,
1209 1609 1301 1673 quem

150 1691 184 1754 in
201 1692 307 1758 officio
331 1693 447 1758 habeas
472 1693 638 1778 collegam,
661 1694 687 1758 si
711 1693 775 1758 tuis
797 1698 1025 1759 consentaneus
1048 1691 1092 1756 sit
1113 1692 1303 1772 racionibus,

152 1818 192 1860 ne
215 1797 242 1860 ei
266 1798 376 1880 priora
400 1797 507 1882 capita
530 1797 733 1877 dissenciant,
756 1801 844 1862 totus
867 1794 1303 1882 senatuscon[ten]cionibus

151 1902 322 1985 repleatur,
345 1909 378 1970 et
402 1903 546 1989 quamvis
570 1907 605 1968 tu
631 1926 669 1968 ex
692 1903 816 1968 familia
850 1902 1015 1979 nobilium,
1040 1899 1096 1966 ille
1118 1923 1156 1966 er
1178 1902 1302 1984 plebeia

151 2006 385 2072 multitudine⁸
408 2009 450 2073 eit
473 2008 629 2084 delectus.
662 2031 725 2074 non
748 2015 855 2074 tamen
885 2013 1061 2074 consortem
1086 2010 1301 2090 contempnas,

151 2112 320 2196 presertim
345 2114 445 2197 [eum]
469 2115 496 2178 si
513 2114 551 2179 de
573 2135 688 2199 genere
705 2113 837 2198 gloriari
859 2114 966 2192 velles,
989 2112 1045 2177 ille
1065 2111 1227 2194 copiosum
1243 2112 1299 2176 ob-

149 2217 260 2301 ijceret
282 2218 425 2301 vulgum.
470 2217 584 2304 Neque
607 2219 704 2284 aliter
727 2224 797 2284 orta
821 2220 883 2284 fuit
898 2217 1055 2284 discordia
1079 2217 1164 2281 inter
1185 2215 1299 2282 funda·

152 2325 236 2386 tores
260 2323 359 2388 Rome
381 2345 544 2408 regesque,
569 2325 652 2410 quod
686 2325 825 2411 quilibet
847 2323 932 2390 solus
954 2323 1120 2388 vendicare
1142 2321 1203 2386 eibi
1227 2342 1300 2406 reg-

150 2448 226 2491 num
248 2427 353 2493 voluit
375 2428 494 2513 illeque
509 2429 657 2510 nobilius,
681 2430 732 2495 bic
749 2452 825 2495 vero
844 2430 946 2495 maius
958 2427 1134 2509 auspicium
1154 2426 1300 2492 habuisse

149 2535 342 2601 certabatur.
387 2532 509 2598 Fetimo
533 2539 638 2599 tamen
664 2541 853 2620 questorem,
878 2534 1006 2600 tametsi
1020 2554 1083 2597 non
1105 2535 1160 2596 tuo
1183 2531 1300 2597 iudicio

149 2640 349 2702 concreatum
374 2642 422 2702 set
446 2660 539 2723 quem
555 2659 623 2704 sors
638 2639 735 2719 dedit,
759 2639 822 2703 tuis
845 2638 1003 2703 institutis
1024 2660 1060 2702 ac
1083 2636 1298 2720 precepcioni-

151 2743 209 2806 bus
230 2747 343 2826 sponte
365 2743 700 2829 obtemperatu[ru]m.
734 2742 803 2808 Tua
819 2744 904 2810 enim
924 2765 1048 2808 morum
1071 2741 1212 2827 gravitas
1235 2763 1298 2806 uon

148 2846 276 2911 levitate
299 2851 356 2912 aut
387 2848 563 2913 ambicione
594 2850 633 2913 ad
667 2870 739 2913 eum
768 2853 885 2914 utetur.
932 2847 1009 2912 Eius
1031 2847 1183 2912 iudicium
1207 2868 1296 2910 num-

149 2974 242 3038 quam
278 2973 408 3036 spernas
441 2958 489 3018 set
519 2975 686 3038 preponas,
720 2954 748 3020 si
780 2959 871 3018 tuum
899 2975 963 3018 non
992 2953 1036 3018 sit
1058 2951 1180 3034 melius.
1226 2950 1298 3016 Sint

147 3079 239 3124 auree
261 3063 316 3122 tue
338 3057 399 3122 eibi
415 3059 682 3137 coniunctissime,
706 3059 770 3123 sint
793 3059 895 3123 latera
910 3060 1072 3140 contigua,
1096 3063 1131 3124 ut
1154 3058 1297 3122 videntes

147 3163 347 3229 concordiam
369 3167 507 3229 vestram
531 3164 673 3230 letentur
696 3165 782 3242 boni,
807 3169 1028 3230 exterreantur
1050 3163 1200 3248 improbi.
1235 3161 1293 3226 Ce-

146 3275 249 3334 terum
273 3291 312 3333 ex
335 3269 464 3335 cohorte
493 3269 631 3352 pretoria
660 3269 777 3334 malum
808 3291 882 3354 sepe
915 3274 1089 3335 extremum
1115 3272 1296 3353 generatur,

146 3373 351 3459 quamobrem
374 3396 411 3438 ex
435 3374 618 3458 necessarijs
641 3375 878 3458 apparitoribus
901 3375 957 3440 bos
980 3374 1101 3459 eligas,
1124 3374 1156 3438 iu
1182 3374 1296 3458 quibus

144 3478 248 3543 maior
279 3479 355 3543 fides
388 3482 444 3560 est,
487 3483 518 3543 et
549 3484 670 3544 secreta
701 3485 733 3544 et
763 3480 892 3562 publica
914 3479 1020 3544 officia
1042 3478 1201 3543 salubrius
1224 3499 1294 3542 exe·

147 3587 296 3668 quantur.
320 3583 370 3648 Sit
387 3584 490 3666 lictor
514 3605 577 3649 non
600 3607 665 3665 sue,
686 3589 734 3648 set
758 3589 812 3648 tue
834 3584 975 3650 lenitatis
996 3583 1171 3668 apparitor,
1195 3582 1294 3646 maio-

146 3710 245 3773 raque
267 3688 434 3773 preferant
457 3691 557 3755 fasces
573 3690 623 3755 illi
636 3711 672 3754 ac
694 3711 817 3755 secures
841 3690 1009 3775 dignitatis
1031 3689 1173 3772 insignia
1198 3709 1294 3772 quam

143 3795 324 3879 potestatis.
371 3795 412 3859 Et
436 3795 496 3859 nisi
520 3816 579 3878 pro
602 3795 733 3860 vitando
755 3817 872 3882 magno
898 3794 1095 3878 reipublice
1118 3793 1295 3873 incomoda,

145 3921 308 3983 uunquam
334 3900 448 3964 misero
469 3901 569 3964 vitam
595 3900 724 3980 adimas,
747 3904 795 3964 set
818 3901 844 3964 si
875 3922 956 3986 qnos
987 3921 1057 3965 reos
1080 3921 1152 3964 vere
1175 3904 1208 3962 et
1229 3919 1293 3962 non

144 4004 217 4068 ficte
239 4026 297 4088 per
319 4009 461 4069 torturas
483 4005 669 4088 cognoveris
682 4042 723 4052 —
737 4007 821 4090 quod
839 4027 940 4090 genus
963 4006 1099 4071 erimina
1122 4002 1293 4069 confitendi

144 4110 273 4174 veritati
299 4109 463 4194 sepissime
484 4109 718 4175 odiosissimum
742 4115 791 4174 est
807 4109 1105 4174 -clementissime
1130 4109 1289 4189 dampnes.

142 4215 275 4301 Semper
303 4215 360 4280 hos
394 4215 509 4280 adhibe
532 4215 709 4295 cruciatus,
741 4217 880 4301 quinon
911 4215 976 4280 sint
998 4214 1036 4278 ad
1061 4217 1204 4278 mortem.
1250 4212 1293 4276 Et

213 4462 227 4513 1
248 4459 283 4515 So
302 4461 364 4514 clm.
375 4461 454 4523 4016,
473 4475 571 4514 unsere
589 4459 715 4516 bavero.
788 4459 804 4512 2
823 4458 849 4514 S.
869 4454 1092 4512 dreimchrouilr
1111 4455 1158 4509 dee
1169 4453 1292 4509 chhlin

143 4545 413 4606 suere-chremse
433 4547 480 4612 lv.
500 4547 551 4603 333
570 4546 599 4602 ff.
672 4548 687 4602 3
708 4545 733 4602 S.
753 4541 1291 4607 daretasauata-ceronam,130.
