3092 5244
671 402 733 467 los

121 600 320 656 (lrdsstenteils
339 599 476 670 gedruckt
496 619 550 656 ron
572 601 615 657 W.
628 603 722 673 lleyer
741 602 759 655 i.
779 603 805 659 d.
818 601 1009 672 Sitaungsber.
1029 605 1055 659 d.
1075 605 1186 662 Mtnoh.
1202 605 1277 661 Aba·

136 687 238 743 demis.
274 687 488 758 Philas-philol.
508 685 603 745 Classe
622 689 690 746 1885
710 708 735 759 p.
755 691 829 747 369¹.
877 694 929 745 Am
949 691 1054 746 rublum
1072 693 1150 747 steht
1168 693 1259 749 noch:

211 811 391 880 Precandus
415 820 496 878 esset
519 815 594 878 dens
610 798 697 898 ipse(
712 821 869 900 quatenus
885 839 942 881 sua
958 817 1187 900 benignissima
1202 837 1277 900 gra-

124 921 174 984 cia
199 919 447 985 misericorditer
479 941 535 984 nos
559 922 731 1004 respiceret
753 927 785 986 et
816 942 1020 1006 quamquam,
1049 924 1085 984 nt
1109 922 1204 1004 vulgo
1226 920 1279 986 bic

122 1024 253 1102 dicitnr,
269 1025 299 1090 d.
317 1022 495 1089 Cardinalis
512 1045 572 1090 non
596 1031 723 1110 sponte,
747 1031 795 1090 set
810 1029 937 1092 coactus
952 1029 985 1090 et
1001 1026 1172 1110 instigatus
1186 1046 1277 1089 man-

123 1129 259 1205 daverit,
283 1129 334 1192 bic
349 1129 472 1194 cantari
490 1130 616 1193 missam
633 1130 730 1194 semel
753 1131 786 1194 in
810 1131 991 1210 ebdomada,
1015 1130 1124 1215 paucis
1147 1130 1276 1195 adiunc-

123 1233 166 1296 tis
192 1233 417 1317 indulgencijs‚
441 1255 512 1298 cum
527 1237 634 1298 tamen
651 1254 710 1317 pro
732 1235 869 1300 arcenda
887 1239 944 1299 aut
958 1235 1062 1299 fienda
1083 1236 1192 1318 pluvia
1208 1238 1279 1314 etc,

123 1342 159 1401 ut
183 1337 301 1401 horrea
322 1336 492 1402 frumentis
516 1339 747 1422 implerentur,
779 1340 843 1404 iam
868 1341 985 1405 dudum
1010 1339 1224 1426 indulgenoijs
1247 1343 1280 1404 et

123 1442 379 1524 processionibus
398 1442 584 1507 ordinandis
599 1444 775 1528 aliquando
797 1467 923 1529 semper
938 1446 1060 1530 largior
1076 1445 1198 1525 fuisset,
1221 1445 1279 1510 hec

124 1552 156 1609 et
179 1545 245 1611 alia
267 1552 347 1630 aput
379 1548 511 1632 vulgum
546 1548 699 1612 ventilata
734 1548 795 1632 hijs
826 1549 935 1614 dicbus
966 1552 1139 1635 aliquando
1170 1549 1280 1614 andire

123 1651 220 1719 dolui.
267 1651 380 1720 Testor
403 1653 505 1732 deum,
530 1675 605 1737 egre
630 1675 680 1719 mc
703 1655 795 1734 ferre,
820 1677 892 1720 cum
915 1656 1047 1739 obloqui
1063 1656 1158 1720 audio
1180 1655 1279 1719 statui

124 1755 293 1838 spirituali
314 1762 370 1821 aut
393 1759 562 1822 detrahere
583 1759 799 1826 sacerdotibus
812 1807 903 1827 .....

672 2192 733 2266 55.

129 2327 322 2402 Hermann
350 2328 505 2404 Schedel
533 2355 583 2406 an
616 2331 831 2406 Hartmann
855 2333 1021 2410 Schedel.
1062 2335 1278 2431 [Augsburg

505 2455 601 2527 1464
629 2457 727 2529 nach
748 2453 914 2552 fasten¹].

129 2605 191 2662 clm.
213 2607 266 2662 224
285 2607 306 2664 f.
324 2607 377 2664 230
398 2609 519 2679 einlagc.
565 2608 736 2665 Reinschrift
760 2612 833 2666 ohne
860 2564 971 2666 adressa
998 2610 1055 2665 und
1074 2609 1283 2680 untarscbrilt².

130 2713 435 2816 llberscndung
459 2733 1282 2820 medicinischerbdcber[nachadna].

217 2869 362 2937 Salutem
377 2873 549 2956 plurimam
565 2873 724 2957 impartit.
774 2871 895 2938 Patrue
909 2875 1138 2940 amantissime.
1177 2874 1284 2940 Litore

133 2981 187 3042 tue
210 2977 291 3041 mihi
314 2979 483 3043 admodum
506 2979 597 3044 tarde
613 2980 705 3043 iuxta
727 2979 838 3043 datum
856 3001 964 3045 earum
978 2985 1171 3065 presentata
1195 2977 1284 3044 valde

132 3082 240 3147 miror.
268 3080 451 3168 Antequam
467 3084 551 3148 enim
567 3084 647 3147 mibi
663 3085 941 3168 presentabautur‚
960 3083 1212 3170 Nurembergam
1228 3085 1282 3149 de·

130 3187 195 3252 late
226 3185 366 3253 fuerant.
421 3185 457 3251 In
494 3187 609 3272 quibus
641 3188 816 3253 carenciam
851 3189 1008 3254 librorum
1039 3189 1194 3255 medicine
1228 3211 1285 3274 pro

134 3294 241 3358 studio
274 3297 400 3376 incepto
423 3313 461 3358 uc
482 3293 544 3357 tibi
574 3293 697 3358 eosdem
727 3295 905 3378 comparari
927 3317 985 3378 per
1009 3317 1058 3360 me
1088 3317 1286 3378 summopere

97 3464 99 3467 .
131 3398 238 3482 optari
262 3398 417 3482 intelligo.
465 3396 614 3463 (tererem
631 3421 751 3464 rnorem
774 3400 933 3464 voluntati
957 3406 1020 3479 tue,
1044 3401 1071 3464 si
1087 3398 1224 3478 venales,
1247 3406 1285 3463 ut

135 3509 305 3582 autumas,
334 3507 546 3571 occurrerent.
594 3503 706 3569 Multis
738 3505 802 3569 iam
825 3505 916 3568 anuis
945 3526 1003 3588 per
1032 3505 1101 3569 loca
1133 3504 1287 3568 distancia

133 3608 225 3674 valde
248 3628 307 3692 pro
330 3607 414 3673 bono
438 3609 583 3674 habendo
600 3611 763 3675 Avicenna
784 3610 946 3689 laboravi,
971 3614 1020 3674 set
1043 3629 1205 3694 nunqnam
1228 3629 1285 3692 op·

135 3718 238 3778 tatum
263 3715 413 3801 consequi
437 3716 538 3799 potui.
585 3714 715 3781 Perrari
738 3720 814 3780 sunt
836 3716 910 3780 libri
934 3715 1014 3780 tales
1029 3721 1108 3799 aput
1131 3736 1188 3778 nos
1213 3719 1245 3778 et
1259 3715 1286 3776 si

135 3820 324 3906 quandoque
347 3822 562 3906 reperiuntur,
585 3844 643 3906 pro
666 3823 804 3886 maximo
835 3827 941 3886 teman
964 3820 1145 3886 venduntur
1169 3819 1285 3902 precio.

134 3924 295 3990 Recordor
318 3948 367 3990 me
389 3932 463 3992 ante
485 3927 609 4012 aliquot
631 3931 777 4010 tempora
795 3927 995 4010 conspexisse
1009 3925 1205 3990 Ariccnnam
1221 3943 1285 3985 ma-

134 4029 229 4112 gistri
244 4028 389 4095 Heinrici
405 4030 572 4110 Ozolner³‚
597 4032 650 4117 qui
666 4032 745 4096 mihi
768 4055 880 4117 parum
906 4038 983 4098 tunc
1004 4030 1136 4114 placuit.
1175 4026 1285 4104 uredo,

208 4219 382 4292 lDatirung
401 4223 475 4278 nach
493 4241 535 4277 nr.
555 4225 596 4280 56.
642 4153 870 4292 uiolanreaahl
898 4221 1037 4292 gesiohert
1061 4219 1146 4274 durch
1175 4217 1220 4273 die
1244 4235 1287 4273 er·

139 4309 281 4379 wabnung
301 4309 475 4364 Hartmanns
493 4311 523 4364 in
542 4309 669 4379 Venedig
687 4327 708 4366 s.
729 4309 923 4365 Wattcnbscb
940 4309 958 4362 l.
978 4325 999 4363 c.
1020 4311 1079 4364 364.
1152 4309 1168 4362 2
1186 4305 1289 4374 Wenig

138 4395 345 4453 abweicbendes
362 4401 479 4468 concept
495 4397 568 4454 daau
580 4396 628 4454 fol.
640 4399 675 4452 26
688 4396 807 4467 einlago.
880 4399 896 4451 3
913 4395 1096 4466 Ndrnberger
1111 4397 1180 4464 arat,
1200 4397 1288 4450 untcn

140 4500 180 4543 ur.
199 4483 231 4540 ll
259 4483 362 4542 wieder
390 4487 525 4554 genennt
571 4484 658 4540 brnen
689 4483 764 4539 brial
788 4484 871 4548 Peter
888 4482 993 4538 Ludere
1020 4500 1058 4537 an
1084 4483 1134 4537 ibn
1162 4483 1290 4539 erwahnt
