3106 5246
687 459 745 526 1⁷1

140 655 175 700 eo
198 633 331 704 liberior
352 634 530 700 securiorve
543 631 611 701 fieri
635 636 736 720 possit
752 635 772 702 ¹.
838 635 875 700 ln
892 635 955 720 hijs
970 636 1065 701 trinis
1085 637 1189 704 adbuc
1204 638 1298 705 hodia

138 738 289 804 laborant
304 742 346 815 et,
371 761 432 824 que
447 761 504 822 per
519 740 742 824 deputaciones
763 741 857 820 liunt,
883 741 916 804 in
941 740 1006 806 dies
1029 741 1067 805 ad
1091 763 1182 806 aures
1205 743 1295 826 prin·

139 845 256 928 cipum,
280 846 447 927 presertim
464 846 643 929 legatorum
660 867 742 928 pape
764 850 795 911 et
810 845 1014 928 imperatoris
1030 848 1063 911 et
1080 843 1214 928 Ungari,
1237 848 1290 912 de-

140 950 298 1029 feruntur,
322 968 384 1033 qne
405 947 558 1014 hactenns
593 947 788 1033 aliquando¹
822 951 1061 1036 displicuerunt.
1114 950 1199 1015 Deus
1221 973 1296 1016 vero

139 1077 194 1120 sua
232 1053 461 1139 benignissima
501 1055 610 1139 gracia
645 1055 794 1120 unionem
828 1057 1092 1142 concordiamque
1124 1056 1210 1121 inter
1243 1078 1296 1121 eos

141 1160 257 1242 pariat,
280 1164 318 1224 ut
341 1157 473 1226 ecclesie
494 1181 551 1224 sua
573 1165 683 1226 sancta
704 1161 877 1248 cunctique
906 1161 1027 1228 Christi
1050 1162 1166 1242 fideles,
1191 1163 1293 1226 omnis

139 1265 276 1348 denique
298 1267 408 1328 nostra
430 1265 536 1348 patria
559 1265 711 1346 gandium
742 1267 856 1352 ingens
872 1269 1040 1352 percipiat,
1065 1271 1101 1330 ut
1124 1270 1157 1332 et
1176 1267 1295 1332 nostris

140 1368 269 1432 tandem
299 1369 390 1433 bonis
423 1370 558 1455 quisque
590 1372 623 1434 in
656 1392 733 1455 pace
765 1370 830 1436 frui
862 1372 973 1456 possit.
1026 1370 1115 1448 Quod
1150 1371 1295 1457 quemvis

138 1495 248 1539 omues
280 1479 468 1558 peroptant,
502 1475 664 1561 utrimque
695 1481 801 1541 tamen
826 1477 965 1542 comodis
986 1477 1138 1559 priva-tis,
1176 1477 1295 1555 avaria,

139 1579 329 1659 ambicione,
352 1579 423 1644 odio
447 1579 555 1645 dediti.
581 1569 583 1575 ’
605 1578 832 1647 Dissimulatus
862 1582 996 1665 denique
1020 1603 1107 1646 amor
1129 1582 1296 1665 latensque

140 1685 257 1764 odium,
290 1685 338 1750 uti
362 1686 533 1752 verissimis
560 1687 675 1752 vestris
698 1688 878 1754 inseruistis
904 1689 1050 1773 scriptis,
1081 1709 1134 1753 eos
1157 1689 1190 1752 in
1213 1689 1295 1753 bono

139 1789 285 1856 stabilire
308 1811 371 1856 non
395 1792 598 1875 permittunt.
654 1793 847 1858 ³Adventus
869 1792 919 1858 Jo.
937 1791 1025 1858 Vitel
1042 1794 1146 1876 primo
1170 1816 1189 1858 a
1212 1794 1295 1858 mul·

139 1898 180 1962 tis
203 1898 237 1960 in
261 1895 399 1960 derisum
422 1902 454 1961 et
477 1897 684 1981 vilipendium
706 1898 965 1982 Angustensibus
998 1903 1166 1982 reputatus
1196 1897 1295 1978 fuit‘,

141 2004 223 2087 quod
248 2003 281 2066 in
305 2002 427 2068 diesin
451 2003 584 2070 dedecus
612 2025 674 2070 non
707 2026 841 2088 parvum
864 2004 1123 2090 Augustensibus
1146 2003 1296 2084 venisset,

140 2108 201 2172 nisi
227 2107 373 2172 Radauer
396 2109 524 2174 tandem
546 2110 782 2194 supervenisset
794 2108 816 2189 ⁶,
852 2131 909 2192 per
932 2109 1022 2174 cuius
1046 2109 1219 2174 adventurn
1242 2108 1296 2174 de-

140 2214 233 2278 decus
248 2212 311 2276 iarn
328 2219 472 2278 exortum
490 2214 673 2299 aliqualiter
688 2215 832 2298 sopitum
850 2215 921 2279 luit.
972 2216 1189 2300 Augustenses
1211 2215 1295 2279 enim

141 2318 224 2403 (qui)
249 2319 364 2383 merito
386 2340 511 2402 semper
525 2321 604 2384 alias
619 2321 809 2386 antecellere
828 2342 1017 2386 consuevere
1034 2320 1191 2398 civitates,
1221 2316 1294 2405 [set]

139 2445 210 2488 cnm
235 2423 331 2490 borno
354 2430 419 2489 tam
443 2426 596 2504 abiectus,
620 2427 803 2511 incognitus
826 2427 1033 2511 insulsusqne
1068 2426 1154 2490 visus
1179 2423 1294 2504 luerat,

140 2529 237 2594 ceteri
261 2529 365 2613 ipsum
389 2531 583 2614 repudiando
605 2530 760 2597 Jacobum
788 2532 931 2616 Ehinger
965 2553 1029 2596 non
1067 2531 1135 2596 sine
1157 2529 1295 2594 maximo

140 2634 290 2700 dedecore
315 2634 567 2720 Augustensium
593 2638 742 2704 adiuncto
767 2635 889 2702 Jodoco
914 2635 1022 2700 Tetzel
1037 2636 1069 2714 ⁶,
1094 2635 1149 2720 qui
1173 2639 1209 2700 ut
1229 2633 1294 2697 ain-

139 2740 224 2823 gulis
248 2740 438 2806 tractatibus
461 2742 660 2820 interessent,
683 2743 776 2807 electi
799 2741 940 2806 fuerunt.
995 2739 1073 2804 Cum
1101 2741 1185 2804 enim
1209 2759 1293 2804 com·

140 2846 308 2910 memorari
340 2845 444 2925 soleo,
491 2869 554 2930 qna
591 2850 781 2931 tempestate
813 2848 875 2911 ista
908 2846 1044 2910 maxime
1077 2845 1211 2910 florebat
1245 2864 1295 2908 res

139 2949 430 3035 publioaduguste,
443 2952 565 3018 cunctis
580 2953 644 3016 vite
661 2952 833 3016 commodis
856 2949 1062 3029 redundabat,
1077 2954 1195 3015 atvero
1211 2971 1295 3015 nunc

139 3060 298 3120 certorum
315 3077 426 3135 mores,
440 3059 608 3141 presertim
625 3059 821 3140 primorum,
843 3059 988 3140 corrupti
1003 3062 1079 3121 sunt
1099 3061 1133 3121 et
1147 3057 1293 3137 avaricia,

138 3160 288 3245 superbie
320 3166 417 3247 atque
449 3163 618 3228 crudelitas
658 3185 766 3230 eorum
790 3164 907 3229 invasit
930 3165 1071 3241 animos,
1103 3164 1191 3228 illam
1215 3185 1294 3247 pau·

136 3267 229 3332 latim
252 3267 472 3346 immutatam,
508 3290 545 3332 ex
568 3269 761 3352 pulcerrima
801 3275 897 3354 atque
920 3269 1044 3353 optima
1067 3272 1237 3354 pessimam
1259 3294 1295 3337 ac

139 3373 333 3459 flagiciosem
356 3373 475 3439 factam
499 3395 566 3438 esse
588 3375 746 3458 conspicio
763 3372 783 3438 ⁷.
840 3373 918 3438 Cum
951 3375 1036 3438 enim
1068 3374 1240 3441 discordias
1262 3381 1296 3440 et

139 3485 171 3544 et
194 3478 373 3545 simultates
403 3479 487 3544 inter
517 3501 550 3544 se
573 3502 726 3558 exercere,
751 3481 834 3546 cives
871 3501 943 3546 cum
967 3479 1089 3545 civibus
1115 3481 1152 3546 de
1176 3481 1295 3544 bonore

140 3590 171 3651 et
194 3587 352 3670 dignitate
377 3590 508 3666 certare,
532 3609 593 3672 que
616 3609 708 3652 cause
741 3589 877 3652 maxima
912 3589 957 3652 rei
980 3585 1109 3668 publice
1130 3585 1296 3650 interitum

140 3698 237 3778 atque
267 3713 412 3758 occasum
438 3692 507 3758 fore
541 3694 639 3758 timeo
654 3691 667 3728 ⁸
732 3691 813 3758 Nam
849 3693 922 3758 inde
957 3697 1071 3758 cuneta
1105 3693 1189 3757 mala
1224 3697 1295 3758 orte

706 3796 726 3834 ’k

211 3870 225 3923 1
246 3869 286 3921 let
305 3867 398 3921 bishar
416 3866 496 3921 nicht
513 3867 648 3921 bekannt.
722 3867 739 3919 2
760 3865 909 3922 »eculicbar
928 3883 1019 3921 mese<
1040 3865 1086 3920 bei
1105 3866 1295 3935 Dieffenbach,

139 3955 320 4013 Glossarium.
386 3955 402 4009 3
421 3953 482 4011 Van
501 3954 562 4008 bier
581 3971 618 4008 an
637 3955 691 4007 mit
711 3954 830 4009 enderer
842 3954 934 4024 ¹feder,
954 3955 1021 4009 aber
1040 3953 1111 4010 doch
1130 3954 1204 4010 vvobl
1223 3955 1295 4009 dsnu

140 4044 264 4114 genorig.
301 4042 369 4098 Sebr
388 4041 469 4097 stark
488 4041 645 4111 corrigiert.
712 4043 728 4093 4
749 4041 824 4097 Doch
843 4041 924 4106 vvobl,
945 4041 1007 4096 vveil
1027 4058 1056 4095 er
1078 4059 1127 4096 nus
1146 4041 1199 4096 den
1218 4043 1295 4095 etinf-

139 4134 188 4187 ten
205 4145 272 4187 war.
309 4120 384 4186 liber
404 4129 507 4184 Vitbels
526 4128 739 4199 unglnckliches
768 4129 838 4184 ende
857 4129 917 4198 vgl.
936 4130 976 4182 st.
996 4127 1059 4186 chr.
1081 4127 1173 4193 ΧΧΙΙ,
1193 4129 1246 4183 420
1265 4129 1294 4183 ff.

138 4219 153 4272 5
182 4218 371 4287 Bestbtigung
395 4217 484 4272 dieser
505 4214 651 4270 nachriobt
669 4214 755 4268 durch
789 4219 821 4268 A.
842 4213 872 4270 P.
895 4214 1012 4282 (lassor,
1041 4217 1163 4270 Annales
1192 4218 1294 4285 Auget-

139 4307 290 4377 burgenses
321 4304 366 4359 bei
391 4303 517 4366 Mencke,
545 4301 697 4372 Scriptores
722 4301 743 4365 I,
766 4303 841 4357 1662.
956 4303 1077 4357 6Jacob
1105 4302 1228 4372 Ehinger
1256 4303 1294 4358 ist

140 4393 183 4448 cin
205 4392 309 4456 Ulmer,
327 4390 445 4447 Jodocus
464 4390 559 4445 'Petzel
579 4391 625 4445 ein
644 4388 830 4458 Ndrnberger
849 4408 869 4446 s.
891 4389 982 4451 Fabri,
1003 4389 1155 4445 Tractatns
1173 4391 1208 4446 de
1227 4391 1294 4446 civi·

138 4482 199 4536 tate
217 4478 347 4534 Ulmensi
365 4479 400 4532 84
420 4478 477 4531 und
497 4476 772 4533 Stadia-Chronilren
792 4479 825 4532 X.
846 4478 883 4531 XI
902 4478 1015 4548 passim.
1103 4482 1117 4533 7
1139 4478 1203 4548 vgl.
1223 4479 1294 4535 oben

139 4585 159 4622 s.
178 4571 221 4623 45.
346 4563 441 4620 enus
459 4567 479 4619 f.
498 4566 549 4620 317
579 4567 677 4636 [cretes
704 4567 819 4637 concept
846 4584 879 4619 vu
897 4583 938 4620 nr.
960 4567 1003 4637 19]
1031 4567 1124 4622 lautet
1148 4567 1198 4623 der
1217 4571 1292 4625 seta:
