3106 5246
818 469 882 533 152

159 723 161 727 Α
258 648 394 731 lateque.
429 646 483 710 llli
503 645 762 730 eloquentissimo
772 643 935 708 Jeronimo
953 642 1161 726 displicebat¹
1183 643 1322 708 incultus
1338 667 1413 728 pro-

260 751 429 835 phetarum
440 746 542 815 sermo
556 754 588 814 et
602 749 686 814 idem
696 748 916 814 delectabatur
929 746 1053 832 inTulij
1067 753 1191 826 ornatu,
1205 772 1299 835 quem
1310 755 1343 814 et
1352 751 1414 835 fig·

258 860 365 921 menta
376 855 530 939 paganica
541 853 668 939 legebat
680 853 719 917 ad
731 853 935 936 voluptatem,
946 875 1009 919 non
1021 854 1058 919 ad
1071 854 1246 920 utilitatem
1258 860 1366 920 tamen
1382 861 1416 920 et

258 962 478 1027 eruditionem.
503 960 579 1025 Ideo
594 964 761 1044 correptus
777 959 841 1024 fuit
857 959 896 1024 ab
912 960 1029 1041 angelo
1047 965 1078 1025 et
1094 961 1127 1024 in
1142 982 1262 1026 canone
1276 961 1415 1046 legimus
1533 971 1534 996 ³

258 1067 311 1130 38.
328 1066 371 1132 di.
382 1063 406 1144 ²,
430 1065 515 1148 quod
539 1064 614 1130 talis
637 1063 732 1129 lectio
755 1064 920 1147 prestabat
953 1065 1054 1130 eidem
1086 1066 1352 1149 impedimentum
1379 1069 1414 1132 in

258 1171 408 1236 veritatis
431 1171 614 1254 cognitione
637 1171 727 1235 iuxta
753 1169 833 1234 illud
857 1171 1118 1235 commentatoris
1133 1169 1318 1236 Aristotelis
1340 1172 1413 1256 phi-
1533 1203 1534 1254 1

259 1276 466 1360 losophorum
482 1276 637 1360 principis
651 1275 804 1340 Averrois
819 1275 1053 1359 methaphisice
1069 1274 1121 1340 20.
1136 1275 1284 1341 dicentis:
1310 1275 1413 1342 ›Con-

257 1383 392 1446 suetudo
416 1381 566 1447 audiendi
589 1377 715 1445 fabulas
738 1385 771 1445 et
794 1380 877 1445 falsa
899 1380 1163 1464 impedimentum
1179 1386 1227 1446 est
1252 1381 1285 1445 in
1302 1382 1414 1467 cogui-

258 1490 347 1552 cione
369 1486 547 1552 veritatis«
604 1485 646 1550 Et
677 1486 716 1551 ad
746 1485 946 1570 propositum
970 1484 1007 1549 4υ
1034 1483 1241 1551 ethicorum³
1276 1486 1414 1554 dieitur:

261 1592 451 1658 »Amatores
484 1590 668 1656 fabularum
699 1596 732 1656 et
760 1591 956 1656 delectantes
983 1591 1015 1654 in
1046 1590 1164 1656 fabulis
1194 1591 1358 1657 audiendis
1382 1596 1415 1656 et

259 1697 450 1778 referendis,
486 1703 518 1762 et
554 1697 609 1781 qui
648 1698 715 1762 dies
746 1703 941 1762 consumunt
968 1696 1135 1782 loquentes
1165 1697 1202 1760 de
1240 1697 1333 1761 dictis
1366 1697 1414 1761 vel

258 1803 352 1868 factis
368 1803 547 1881 inutilibus,
565 1823 628 1867 non
647 1801 781 1866 dicimus
796 1802 1027 1886 intemperatos
1046 1800 1100 1864 sed
1116 1800 1295 1884 garrulos«
1328 1799 1413 1866 Her-

261 1930 384 1988 manno,
407 1907 588 1973 dulcissime
608 1907 709 1972 frater
732 1908 794 1985 mi,
824 1906 907 1971 solet
929 1906 1041 1991 vulpes
1064 1907 1166 1991 pilum
1190 1912 1325 1987 mutare,
1349 1928 1414 1972 non

259 2033 373 2092 mores,
389 2013 448 2097 pili
465 2014 513 2079 tui
529 2013 663 2079 tendunt
674 2012 711 2076 ad
728 2012 854 2076 niveum
871 2012 1250 2091 coloren1‚mutatuum⁴
1268 2013 1412 2078 studium

259 2117 411 2182 vanitatis
428 2120 463 2182 in
482 2119 649 2186 scienciam
669 2117 825 2182 veritatis.
859 2117 906 2182 Ex
922 2117 998 2183 stilo
1016 2122 1049 2182 et
1063 2119 1187 2182 anseris
1203 2117 1326 2182 calamo
1341 2139 1412 2182 sen·
1534 2137 1535 2184 ἲ

260 2223 310 2286 oio
327 2227 359 2287 te
381 2244 522 2288 crescere
539 2224 573 2288 in
589 2229 669 2302 arte,
685 2245 780 2307 quea
796 2223 918 2288 dicendi
935 2224 1028 2308 copia
1044 2223 1144 2288 traxit
1159 2242 1276 2289 nornen
1292 2228 1325 2288 et
1340 2245 1412 2308 pas·
1534 2209 1535 2286 J

259 2349 329 2392 cere
352 2326 477 2412 siliquis
500 2350 677 2412 porcorum.
734 2328 873 2393 Attende
898 2329 975 2394 fines
1006 2330 1250 2413 scripturarum,
1275 2329 1412 2395 rethoris

260 2435 307 2496 est
328 2433 527 2516 persuadere,
549 2439 644 2519 poete
668 2433 853 2499 demulcere.
901 2432 993 2500 Unde
1010 2435 1202 2500 Aristoteles
1218 2433 1254 2499 3⁰
1274 2435 1410 2500 rethori-

261 2559 386 2604 corum:
413 2537 528 2603 »Poeta
544 2538 710 2623 loquentes
728 2539 834 2604 brevia
856 2545 989 2624 propter
1013 2539 1175 2624 eloquium
1203 2538 1413 2624 acquirebant

260 2644 394 2728 gloriam
420 2644 472 2709 sed
489 2665 552 2710 non
569 2644 827 2728 sempiternam«.
876 2643 991 2710 Fateor
1003 2645 1126 2710 divinas
1142 2644 1251 2709 laudes
1266 2645 1300 2708 in
1315 2667 1407 2729 ymp-

259 2752 308 2813 nis
332 2755 364 2814 et
387 2749 519 2814 canticis
543 2749 676 2815 fioribus
708 2751 880 2829 decoratas,
901 2750 1005 2816 fateor
1028 2750 1244 2834 eciam'quod
1269 2750 1408 2815 divinam

258 2856 449 2939 scripturam
472 2854 615 2939 perfecte
635 2862 667 2922 et
689 2855 849 2922 defensive
873 2857 941 2921 eine
968 2855 1113 2939 sciencijs
1144 2854 1329 2920 humanitus
1352 2857 1406 2920 ad·

260 2962 408 3041 inventis,
430 2961 498 3024 sine
521 2961 653 3045 speciali
675 2963 757 3027 dono
773 2961 963 3027 miraculoso
985 2960 1033 3026 dei
1050 2981 1142 3025 nemo
1158 2965 1265 3044 potest
1282 2960 1408 3027 habere.

260 3065 308 3129 Ex
332 3064 393 3130 hoc
415 3070 522 3132 tamen
547 3088 611 3131 non
634 3066 784 3147 infertur,
809 3067 892 3151 quod
908 3068 941 3130 in
958 3087 1121 3150 vesperam
1138 3067 1205 3130 vite
1220 3073 1408 3150 postergan-
1535 3113 1536 3138 p

259 3172 334 3235 dum
356 3171 400 3236 sit
414 3172 556 3238 studium
577 3194 664 3237 sacre
689 3174 807 3257 pagine
824 3224 830 3236 .
848 3224 855 3239 .
874 3224 881 3239 .
900 3171 935 3261 [f.
953 3172 1033 3261 273]
1046 3223 1053 3239 .
1067 3225 1074 3241 .
1087 3222 1094 3239 .
1106 3221 1114 3236 .
1128 3169 1206 3235 Cum
1228 3171 1336 3254 itaque
1361 3193 1411 3236 ars
1535 3165 1536 3206 ³

259 3276 355 3360 longa
378 3277 430 3356 sit,
454 3277 521 3342 vita
544 3279 647 3343 brevis
668 3283 701 3343 et
715 3279 782 3343 dies
795 3280 843 3344 tui
868 3278 1080 3364 declinant(!)
1096 3278 1135 3342 ad
1161 3277 1256 3341 horas
1282 3297 1409 3360 vesper·

259 3380 352 3460 tinas,
375 3379 488 3446 hortor
510 3387 542 3448 te
565 3403 629 3447 non
651 3382 756 3447 minus
771 3384 930 3448 instanter
946 3404 1042 3470 quam
1058 3383 1263 3460 confidenter,
1289 3386 1326 3446 ut
1341 3405 1408 3446 am-

258 3486 343 3569 plius
366 3491 399 3550 te
422 3486 657 3554 honestioribus
679 3489 794 3554 studiis
818 3489 991 3572 impendas.
1040 3488 1201 3552 Rixantur
1218 3487 1250 3550 in
1267 3488 1411 3553 studorio

261 3597 316 3656 tuo
349 3591 426 3656 libri
458 3593 686 3679 theologicales
720 3601 832 3660 eontra
866 3614 989 3658 vermes
1025 3597 1057 3657 et
1087 3593 1231 3676 pulveres
1254 3593 1412 3659 dicentes:

261 3695 346 3762 »Vos
362 3699 546 3764 consumitis
563 3700 777 3764 substanciam
800 3704 977 3764 nostram«
1023 3696 1195 3763 Poetarum
1219 3720 1293 3763 vero
1318 3720 1413 3783 super

260 3804 400 3867 motibus
426 3803 577 3869 violentis
605 3810 855 3891 conqueruntur.
911 3803 1074 3888 Egredere
1101 3803 1242 3886 igitura
1268 3804 1412 3888 sciencijs

259 3909 410 3972 vanitatis
426 3912 460 3973 et
475 3910 643 3994 ingredere
660 3912 698 3977 ad
715 3912 867 3976 scienciae
883 3910 1026 3994 pietatis,
1051 3931 1112 3994 qne
1127 3914 1204 3973 sunt
1218 3909 1321 3993 legem
1339 3931 1410 3975 nos·

258 4035 338 4093 cere,
354 4015 531 4097 scripturas
544 4021 577 4082 et
590 4017 764 4101 prophetas
780 4015 975 4100 intelligere,
992 4016 1027 4080 in
1043 4014 1229 4098 ewangelio,
1245 4014 1277 4078 id
1293 4019 1341 4079 est
1356 4015 1412 4080 deo

260 4120 396 4200 credere,
423 4122 592 4205 apostolos,
618 4123 650 4188 id
665 4128 713 4188 est
730 4122 884 4206 epistolas
898 4122 1117 4205 apostolorum
1132 4142 1195 4186 non
1213 4120 1387 4205 ignorare.
1405 4171 1410 4185 .

258 4280 267 4299 .
283 4277 445 4297 .......
464 4227 500 4312 [f.
526 4227 689 4317 areu...

825 4346 844 4382 tl·

331 4453 344 4506 1
366 4451 425 4508 cod,
444 4450 620 4522 discipiebat.
691 4453 762 4507 2Es
779 4452 818 4508 ist
837 4451 989 4508 wiederum
1008 4452 1072 4509 dist.
1092 4451 1230 4510 XXXVII.
1317 4459 1333 4512 3
1352 4454 1410 4509 Ari·

265 4539 382 4597 stotelis.
453 4539 548 4597 ⁴tood.
566 4555 666 4596 cum„
