3092 5244
684 443 725 510 77

120 619 275 684 daverim.
321 615 553 685 Familiaritate
576 619 662 684 enim
696 620 761 684 iam
786 619 914 704 scriptis
937 619 1097 684 vobiscum
1121 619 1283 684 contracte

121 723 318 788 fiducialiter
348 723 451 790 fretus
482 725 664 811 significare
695 723 802 802 volui,
836 746 897 809 que
929 723 1010 788 mihi
1034 725 1154 808 scripta
1177 727 1283 790 vestra

121 827 247 913 legenti
270 829 428 894 acciderit.
474 829 624 896 Preterea
646 852 685 894 ne
709 851 746 896 ea
768 832 919 914 pretextu
941 828 1135 894 adulacionis
1157 829 1239 894 vicio
1263 851 1282 892 a

122 955 178 996 me
200 937 364 1017 acceptare
387 935 492 1000 velitis
505 935 526 1015 ¹,
550 935 695 1020 apprime
718 954 812 1018 rogo;
835 934 953 1000 lamam
985 935 1120 1020 denique
1143 938 1280 998 vestram

122 1036 359 1123 literarumque
380 1041 532 1124 periciam
557 1042 748 1126 abantiquo
764 1041 841 1106 mihi
859 1040 1023 1123 cognitam
1044 1061 1168 1123 semper
1191 1060 1284 1121 mag·

124 1143 224 1207 nifaci
250 1149 282 1208 et
304 1165 368 1209 non
391 1145 564 1226 immerito,
589 1167 661 1210 nam
686 1167 754 1211 eam
779 1145 867 1210 omni
884 1149 1001 1210 ornatu
1018 1143 1187 1208 verboram
1210 1163 1284 1226 gra-

123 1249 291 1332 vitateque
314 1250 548 1314 sentenciarum
564 1250 718 1334 proximis
735 1252 852 1315 vestris
867 1250 998 1332 scriptis
1011 1247 1285 1331 experiencialiter

124 1355 321 1418 ostendistis.
338 1391 381 1401 -
396 1353 544 1419 Scribitis
567 1359 689 1439 postea,
712 1356 895 1439 proximum
922 1375 1028 1419 meum
1043 1355 1197 1436 scriptum
1212 1357 1283 1437 yta-

127 1458 192 1522 lica
208 1458 393 1543 eloquencia
409 1460 560 1541 redolere,
582 1484 691 1547 ymmo
707 1461 851 1527 ¹Pullium
868 1465 1089 1545 representare
1107 1463 1177 1537 etc,
1200 1457 1284 1543 quod

124 1562 272 1644 profecto
287 1583 351 1628 non
367 1564 434 1628 sine
450 1566 639 1630 verecundia
658 1569 831 1652 acceptavi,
857 1567 1018 1652 qnoniam,
1035 1566 1144 1630 doctor
1162 1562 1284 1641 eximie,

126 1688 188 1752 ego
212 1668 259 1732 nil
283 1669 348 1733 tale
370 1675 448 1753 aput
484 1693 533 1735 me
563 1673 669 1738 sencio
692 1673 830 1738 inveniri
854 1693 967 1756 posse,
1000 1669 1203 1754 quamobrem
1226 1667 1285 1733 teli

125 1771 208 1851 viro,
232 1793 360 1838 romane
383 1773 494 1859 lingue
517 1797 639 1841 summo
662 1777 785 1842 auctori
812 1777 1018 1860 perfectoque
1047 1774 1178 1853 oratori,
1202 1794 1284 1838 com·

126 1877 237 1961 pareri
254 1878 381 1962 possim.
431 1880 583 1962 Accessit,
600 1880 712 1962 fateor,
728 1881 809 1946 mihi
825 1881 989 1947 tantillum
1005 1881 1183 1958 literarum,
1200 1879 1285 1963 quod

127 2003 189 2065 pro
213 1983 335 2048 viribus
367 1983 539 2066 ingenioli,
573 1989 610 2050 ut
632 1988 733 2070 potui,
764 1987 894 2070 scriptis
916 1991 994 2051 tunc
1015 1984 1183 2070 applicavi.
1229 1981 1286 2048 Nil

127 2088 212 2153 mihi
235 2090 373 2173 amplius
396 2092 544 2174 arrogari
567 2091 654 2170 licet,
677 2094 704 2158 si
720 2094 796 2178 quid
812 2092 892 2158 mihi
915 2092 1053 2176 emplius
1078 2089 1232 2168 tribuitis,
1253 2089 1285 2159 id

128 2193 323 2259 humanitati
351 2199 456 2261 vestre
487 2199 641 2279 asscribe,
674 2222 736 2283 que
768 2221 818 2264 me
841 2199 928 2263 velut
951 2197 1039 2263 fama
1062 2195 1187 2261 volatili
1210 2215 1285 2278 pro·

128 2303 217 2362 mota
239 2298 289 2362 vel
313 2301 532 2386 undecumque
555 2303 670 2370 allecta
694 2305 854 2370 celebrare
877 2304 977 2387 cupit.

217 2401 366 2468 Preterea
396 2407 526 2472 satiram
553 2413 593 2489 et,
627 2414 663 2474 ut
685 2412 789 2475 verius
821 2410 936 2489 dicam,
959 2407 1148 2473 invectivam
1172 2403 1287 2470 vestris

127 2507 257 2591 scriptis
280 2509 313 2573 in
330 2507 499 2576 Ytalorum
522 2519 651 2597 gentem
674 2515 831 2582 fabricare
853 2515 1005 2582 videmini
1029 2533 1202 2596 eorumque
1218 2531 1285 2575 mo·

130 2633 181 2677 res
205 2635 334 2698 carpere
355 2621 386 2680 et
414 2617 620 2683 nihilominus
655 2626 766 2703 postea
799 2644 850 2687 eos
879 2622 1026 2686 laudibus
1057 2620 1211 2684 bonarum
1234 2637 1285 2680 ar-

128 2717 214 2782 cium
238 2721 391 2786 extollere
416 2726 448 2786 et
470 2723 517 2787 ita
540 2724 764 2790 circumeundo
787 2726 917 2790 taudem
939 2726 972 2788 in
992 2724 1153 2788 Romanos
1176 2727 1286 2788 aucto·

130 2823 227 2888 ritate
260 2826 343 2891 beati
377 2827 553 2894 Bernhardi
583 2831 622 2894 de
652 2831 905 2896 consideracione
937 2832 977 2895 ad
1002 2828 1179 2912 Eugenium
1202 2828 1287 2894 libro

131 2932 164 2990 5⁰
188 2932 323 3012 quedam
346 2933 429 2997 vicia
452 2938 637 3020 retorquere
651 2933 674 3000 ⁹.

220 3035 339 3102 Ductor
372 3039 505 3119 eximie,
538 3062 635 3104 unum
668 3041 751 3125 quod
781 3041 910 3104 veritati
942 3061 1113 3106 consonum
1149 3037 1286 3115 videtur,

131 3141 242 3206 audire
264 3165 327 3210 non
359 3145 487 3229 pigeat,
521 3146 604 3229 quod
628 3146 740 3210 scribit
764 3145 986 3226 Policratns⁸,
1010 3152 1136 3210 secutus
1158 3141 1285 3218 Quinti·

131 3247 252 3311 lianum
276 3250 309 3312 in
332 3251 537 3316 institucione
560 3252 700 3315 oratoria
716 3253 762 3318 sic
779 3252 945 3336 inquiens:
974 3249 1209 3315 »Romanorum
1233 3269 1286 3312 ex·

130 3352 282 3418 celleneia
307 3376 343 3419 ac
366 3355 495 3435 virtute,
517 3356 545 3420 si
567 3357 709 3422 omnium
742 3358 890 3441 gencium
913 3357 1046 3422 historie
1071 3356 1280 3431 resolvantur,

131 3458 231 3523 nichil
254 3458 371 3523 clarius
393 3459 486 3524 lucet.
541 3459 689 3525 Declarat
718 3462 777 3526 hoc
799 3461 1013 3544 amplissimus
1042 3460 1191 3544 splendor
1225 3459 1286 3522 im-

131 3563 223 3647 perij,
249 3586 313 3647 quo
336 3565 461 3630 nullum
485 3565 591 3630 minus
614 3566 654 3630 ab
682 3567 809 3630 exordio
825 3566 1060 3649 maioribusque
1082 3563 1287 3628 incrementis

131 3691 282 3752 processu
306 3671 649 3750 continuo'dilatatum,
677 3671 815 3736 humana
830 3675 936 3755 potest
951 3670 1104 3736 memoria
1119 3666 1287 3732 recordari.

700 3811 717 3848 ²l‘

203 3917 215 3968 1
239 3911 373 3968 Offenbar
393 3913 593 3968 verschrieben.
622 3912 701 3967 Nach
721 3913 770 3968 der
790 3913 904 3983 vorlage
916 3913 1025 3968 mdchte
1045 3928 1114 3966 man
1130 3911 1287 3965 erwartent

134 4000 307 4056 humilitatis
328 4003 457 4071 pretextu
476 4000 506 4055 in
526 4000 698 4056 adulacionia
718 3999 830 4056 vicium.
920 4002 936 4054 2
956 4001 1010 4052 Der
1036 4000 1144 4067 grdsste
1168 3997 1219 4051 teil
1239 3997 1288 4050 der

132 4089 285 4158 folgenden
298 4089 507 4158 uualdhrungen
524 4087 581 4142 und
603 4086 689 4142 citate
708 4088 746 4141 ist
764 4087 814 4142 der
836 4087 901 4142 rede
926 4086 974 4142 des
994 4084 1091 4140 Ulrich
1111 4084 1289 4142 Gossembrot

139 4181 327 4242 entnommen,
347 4176 392 4230 die
411 4175 536 4230 darselbe
551 4175 617 4229 1458
631 4193 693 4228 zum
713 4176 817 4245 beginn
837 4174 926 4229 seiner
944 4165 1127 4241 erltuterung
1145 4172 1193 4227 des
1205 4170 1288 4226 Vale·

131 4267 187 4321 rius
208 4264 347 4318 Maximus
366 4262 437 4317 hielt
453 4280 474 4316 s.
494 4262 565 4318 oben
584 4279 605 4316 ι.
625 4261 672 4316 58⁶
698 4279 724 4318 u.
744 4264 807 4317 clm.
830 4263 882 4316 424
910 4261 929 4314 f.
953 4262 1001 4314 261
1022 4259 1050 4318 ff.
1073 4260 1129 4314 bes.
1149 4261 1209 4314 265.
1227 4259 1288 4315 266.

133 4355 203 4409 sus
221 4353 260 4406 ist
278 4350 351 4406 wohl
373 4350 421 4405 der
440 4349 622 4405 Policraticus
647 4347 695 4403 des
719 4349 832 4405 Johann
857 4365 883 4400 v.
910 4346 1059 4416 Salesbury
1078 4347 1216 4416 gemunt,
1245 4364 1288 4402 vvo

133 4459 160 4496 ce
177 4441 264 4495 lim
284 4455 346 4508 cap.
368 4439 398 4490 15
417 4437 519 4492 heiset:
551 4436 621 4490 »Sed
641 4453 704 4492 cam
723 4439 847 4494 omnium
876 4433 1004 4504 gentiam
1022 4435 1150 4503 exempla
1175 4434 1289 4490 revolvo

133 4527 280 4598 disciplina
299 4525 489 4580 &manorum
509 4540 559 4594 pre
577 4523 788 4579 cete1·islucet.«
