3106 5252
816 435 857 498 64

259 634 344 687 curo,
369 633 432 675 non
456 609 559 674 dicem
573 609 721 692 quicquid
748 609 781 672 in
800 610 929 673 buccam
952 609 1004 672 sed
1022 609 1173 694 quicquid
1197 611 1229 673 in
1254 611 1410 674 calamum

257 717 354 795 venit,
385 715 525 792 effundo,
555 713 630 796 quia
654 717 761 776 noster
786 733 874 776 amor
897 712 989 776 nobis
1012 719 1159 789 conatus,
1192 714 1284 777 nobis
1307 713 1407 798 lepos,

257 821 347 886 nobis
370 819 521 885 facundia
543 839 667 902 semper
691 817 762 883 erit.
810 815 912 881 Tuum
931 817 1028 881 eciam
1048 822 1165 882 statum
1188 819 1268 883 mihi
1288 841 1412 884 summe

257 949 331 991 cure
355 930 386 991 et
409 924 556 1010 vigilanti
580 927 612 987 et
635 923 807 988 dormienti
830 945 895 988 esse
922 924 1011 988 scias.
1067 923 1224 988 Proximis
1246 946 1323 1011 ergo
1347 925 1411 989 tuis

256 1032 384 1115 scriptis
412 1050 462 1094 me
491 1029 666 1094 cerciorare
691 1028 767 1093 velis
801 1028 838 1092 de
875 1029 1081 1113 magisteriJ¹
1114 1030 1292 1113 adepcione‚
1321 1032 1414 1095 etde

255 1137 395 1202 transitu
418 1133 607 1198 inYtaliam
632 1134 731 1198 eciam
755 1134 947 1219 quandoque
972 1134 1032 1219 [te]
1057 1136 1200 1220 cogitare
1225 1136 1349 1200 vellem.

344 1239 456 1304 Moneo
479 1239 614 1317 demum,
638 1242 670 1302 tc
693 1241 806 1322 patrue
822 1239 1015 1319 suavissime,
1039 1260 1094 1303 oro
1110 1243 1143 1303 et
1167 1239 1289 1320 hortor,
1314 1263 1353 1305 ne
1369 1243 1412 1305 si-

255 1367 311 1410 nas
334 1344 434 1409 ullam
458 1343 513 1406 abs
537 1348 569 1407 te
592 1343 725 1408 inertem
750 1344 839 1408 abire
855 1345 949 1411 diem.
997 1343 1157 1410 Memento
1181 1349 1297 1410 etatem
1321 1347 1411 1411 abire

255 1457 287 1517 et
310 1470 403 1515 canos
437 1455 513 1513 ante
541 1454 741 1532 expectatum
775 1455 900 1533 tempus
930 1453 1080 1533 irrepere.
1135 1447 1235 1513 Nulla
1258 1450 1318 1514 tibi
1343 1450 1409 1514 dies

254 1556 426 1633 illucescat,
452 1576 515 1638 qua
535 1574 597 1619 non
615 1554 736 1637 aliquid
753 1555 903 1632 addiscas,
927 1558 965 1619 ut
988 1559 1020 1618 te
1034 1553 1199 1618 meliorem
1219 1554 1411 1618 doctiorem·

254 1682 316 1744 que
338 1659 457 1723 iactum
490 1680 555 1722 esse
579 1659 682 1722 dicere
705 1659 825 1742 possis,
859 1679 931 1723 cum
966 1657 1025 1721 tibi
1049 1657 1171 1740 vesperi
1195 1679 1320 1740 semper
1344 1658 1409 1722 vite

252 1766 295 1829 sit
320 1765 404 1829 racio
436 1763 600 1828 reddenda.
660 1764 694 1828 ld
726 1765 824 1828 menti
857 1764 956 1828 fixum
978 1762 1114 1839 habeto,
1146 1761 1324 1841 dediscere,
1356 1764 1410 1846 qui

254 1891 317 1933 non
341 1869 450 1933 discat.
497 1866 603 1932 Litere
625 1868 770 1952 profecto
793 1873 877 1949 sunt,
903 1889 1037 1950 quarum
1055 1885 1115 1948 cpe
1131 1868 1226 1949 atque
1249 1867 1409 1951 dignitate

253 1979 285 2038 te
311 1974 404 2038 tollas
430 1974 537 2039 humo.

799 2221 856 2306 27,

253 2363 446 2436 Hermann
482 2359 635 2433 schedel
670 2382 719 2430 an
754 2360 906 2436 Johann
940 2366 985 2438 de
1013 2367 1230 2446 Ratisbona.
1275 2375 1407 2473 [Auge-

663 2481 760 2576 burg
790 2481 999 2587 1459!60]².

616 2637 743 2694 clm.224
756 2638 775 2694 l.
794 2640 868 2698 30012.
888 2639 1037 2715 concepti

250 2764 371 2829 Dank
394 2763 465 2827 fiir
487 2762 552 2826 die
583 2762 802 2828 auskunft
833 2768 934 2831 liber
957 2768 1194 2839 Hartmann
1218 2775 1406 2845 Schedel.

252 2869 491 2952 Verteidigt
520 2868 664 2932 seinen
696 2870 809 2951 plan,
844 2873 937 2937 dass
970 2877 1167 2945 derselbe
1204 2883 1306 2948 nach
1331 2884 1406 2950 lta-

474 2973 562 3035 lien
586 2973 698 3054 gelre.
747 2973 829 3040 tob
853 2978 921 3042 der
945 2979 1177 3050 ltaliener.

338 3113 560 3196 Complacendi
584 3112 783 3179 voluntatem
803 3117 910 3182 debita
928 3141 997 3184 cum
1015 3126 1194 3189 reverencia
1217 3131 1249 3191 et
1273 3129 1403 3196 honore.

250 3220 386 3304 Egregie
408 3219 535 3282 domine
557 3219 667 3283 doctor
689 3225 920 3307 preceptorque
954 3227 1186 3310 colendissimo,
1210 3232 1322 3297 literas
1345 3257 1400 3299 vc·

247 3329 329 3389 strae
351 3325 390 3388 ad
414 3345 464 3386 nie
487 3323 655 3387 novissime
673 3325 763 3388 datas
787 3329 929 3410 gratanti
953 3332 1059 3396 animo
1082 3336 1204 3418 suscepi
1215 3385 1303 3403 .....
1329 3344 1400 3403 tan·

247 3429 418 3494 tamenim
454 3429 672 3494 maturitatem
694 3433 824 3514 tamque
847 3435 1012 3518 egregium
1036 3445 1186 3505 ornatum
1211 3464 1269 3524 pre
1292 3465 1325 3508 se
1352 3444 1399 3508 fe·

248 3540 333 3615 runt,
357 3557 449 3619 quem
473 3555 536 3598 non
560 3536 600 3598 ab
624 3535 687 3599 alio
704 3559 799 3621 quam
822 3539 862 3602 ab
884 3539 1013 3607 homine
1028 3545 1248 3612 sollertissimo
1272 3551 1400 3615 etmihi

247 3639 438 3706 amicissimo
466 3640 628 3722 proficisci
651 3643 821 3725 conspicio.
868 3643 895 3708 A
921 3649 1036 3712 teneris
1060 3650 1145 3715 enim
1167 3654 1259 3717 annis
1280 3676 1404 3738 semper

247 3746 276 3809 d.
301 3766 329 3808 v.
353 3742 443 3808 fama
465 3748 496 3807 et
519 3743 551 3808 in
575 3745 662 3808 omni
685 3767 801 3829 genere
818 3749 986 3816 literarum
1002 3755 1235 3820 ornatissimam
1260 3781 1279 3822 a
1300 3761 1401 3824 maio-

247 3849 334 3913 ribus
361 3849 439 3912 meis
470 3851 602 3932 cognovi
626 3856 658 3913 et
681 3851 910 3918 intellexi...
936 3855 975 3918 Et
1007 3859 1082 3940 quia
1112 3865 1263 3942 patruum
1295 3885 1400 3929 meum

246 3954 510 4038 Hart[mannum]
527 3953 689 4042 Sche[del]
705 3956 834 4040 scriptis
857 3961 968 4024 vestris
985 3962 1142 4046 singulari
1159 3966 1304 4030 doctrina
1328 3990 1399 4052 pre·

245 4061 348 4125 ditum
370 4082 440 4124 cum
464 4059 672 4123 sanctissimis
695 4062 836 4126 moribus
867 4086 903 4129 ac
926 4066 1007 4130 mira
1038 4068 1105 4132 vite
1130 4069 1320 4154 integritate
1343 4095 1397 4138 ox-

814 4171 832 4210 a

316 4254 329 4305 l
350 4252 408 4308 cod.
426 4250 479 4305 418
496 4249 581 4305 illius.
629 4251 691 4322 Vgl.
710 4271 751 4306 nr.
772 4256 813 4310 31.
910 4255 1089 4328 2Datirung
1106 4260 1178 4314 nach
1204 4260 1254 4316 der
1272 4261 1397 4332 stellung

244 4340 283 4394 im
302 4341 386 4397 codex
413 4359 476 4394 zum
496 4341 618 4410 vorigen.
714 4342 730 4395 3
753 4340 881 4398 Viellach
909 4344 1168 4416 durchcorrigirtes‚
1187 4365 1250 4402 zum
1276 4349 1328 4405 teil
1347 4349 1396 4403 ab·

244 4427 414 4483 weichendes
435 4430 551 4499 concept
563 4427 629 4482 ibid.
646 4428 693 4483 fol.
706 4430 757 4484 310
774 4429 1106 4502 (verkchrteingcheltet,
1125 4434 1234 4504 onfang
1246 4435 1275 4489 in
1296 4440 1393 4506 verso).

246 4516 414 4570 Reinschril't
433 4516 480 4571 des
498 4519 590 4570 ersten
610 4516 766 4572 abschnitts
785 4518 852 4572 ibid.
873 4522 918 4576 l'ol.
940 4521 987 4574 72b
999 4520 1121 4590 einlage.
