3092 5244
686 476 727 542 91

135 655 271 719 honores
293 653 390 718 seculi
415 654 497 718 bona
512 654 640 718 fortune
654 657 740 729 sunt,
756 652 850 730 fluxa,
868 650 1048 731 mutabilia,
1072 651 1188 717 caduca
1207 701 1213 715 .
1234 700 1241 715 .
1260 699 1288 714 ..

136 760 217 824 bona
240 780 313 823 vero
335 759 452 838 animi,
488 763 654 844 querunt
690 757 907 836 coutinentia,
938 756 1084 836 castitas,
1119 755 1288 836 fortitudo,

135 863 279 943 iusticia,
315 863 512 942 moderando,
544 862 744 941 intellectus,
774 863 957 946 ingenium,
994 862 1146 926 memoria
1179 861 1287 926 stabili

134 969 271 1052 quodam
311 987 394 1034 nexu
431 967 585 1032 adherent
624 966 746 1032 homini
784 988 842 1030 nec
879 965 1009 1030 aufferri
1039 987 1057 1029 a
1093 965 1184 1029 nobis
1225 965 1287 1029 nisi

134 1093 207 1138 curn
240 1073 308 1139 vita
333 1077 467 1157 possunt
483 1123 490 1137 .
509 1123 515 1137 .
533 1124 561 1139 ..
579 1069 657 1136 Cum
682 1091 758 1154 ergo
790 1071 847 1135 has
871 1071 959 1135 dotes
989 1073 1104 1135 natura
1127 1069 1187 1134 tibi
1211 1091 1286 1133 oon·

135 1178 277 1257 cesserit,
301 1182 333 1244 et
355 1199 431 1244 cura
453 1181 674 1263 preceptorum
699 1181 829 1243 tuorum
852 1176 924 1241 illas
946 1177 980 1241 in
1008 1181 1040 1241 te
1063 1175 1198 1254 auxerit,
1222 1195 1289 1239 mo·

138 1282 243 1346 nitum
268 1289 300 1347 te
323 1283 487 1362 11111111,
512 1286 547 1347 11
563 1304 668 1348 serves
685 1283 812 1359 bonum,
838 1283 919 1367 quod
944 1285 993 1347 est
1016 1282 1048 1346 in
1072 1285 1114 1360 11,
1137 1280 1289 1364 adquam

133 1410 200 1452 rem
223 1389 361 1453 maxime
391 1390 601 1454 necessarium
633 1410 743 1454 censeo
766 1387 933 1453 literarum
957 1387 1115 1466 studium,
1140 1407 1203 1470 quo
1227 1386 1288 1449 iam

135 1492 288 1558 iniciatus
312 1491 431 1558 existis.
478 1491 632 1568 Quoniam
657 1513 765 1558 omnes
787 1493 867 1557 bene
889 1493 1016 1557 vivendi
1047 1513 1157 1556 norme
1181 1491 1290 1556 litera·

132 1620 203 1663 rum
227 1599 336 1663 studio
359 1599 583 1678 continentur,
618 1599 687 1663 ideo
710 1597 782 1662 illas
806 1599 934 1681 expedit
965 1618 1065 1676 nosse,
1089 1618 1146 1662 111
1168 1601 1217 1660 sat
1240 1600 1290 1660 est

132 1702 285 1768 inbibisse
308 1703 468 1788 principia
491 1703 551 1766 nisi
573 1707 605 1766 11
621 1703 710 1767 ultra
733 1723 919 1786 progressus
943 1705 1009 1783 fiat,
1038 1724 1094 1767 neo
1117 1701 1233 1786 aliquis
1256 1701 1288 1764 in

130 1808 237 1872 virum
259 1807 353 1873 lauda
375 1809 507 1892 dignum
532 1808 663 1872 evadere
688 1813 815 1889 potest,
843 1808 904 1873 nisi
929 1830 1001 1874 cnm
1025 1812 1140 1872 nature
1163 1806 1290 1872 dotibus

133 1913 318 1978 adiunctam
343 1913 459 1977 habeat
483 1913 670 1978 doctrinam.
717 1911 790 1977 Non
807 1913 889 1978 enim
908 1915 1079 1996 propterea
1102 1912 1225 1978 doctior
1241 1915 1289 1974 eet

136 2017 265 2101 aliquis,
289 2018 344 2103 qui
368 2019 544 2102 magisterij
569 2041 684 2084 nomen
708 2025 764 2084 aut
780 2018 897 2102 Lipozk
914 2025 970 2084 ant
987 2019 1133 2085 Eriordie
1157 2022 1205 2082 est
1220 2038 1289 2082 sor-

132 2122 223 2188 titus.
280 2120 341 2187 1111
368 2129 474 2189 antem
507 2127 629 2208 peritus
652 2131 716 2205 111,
752 2127 806 2210 qui
831 2127 970 2191 naturali
994 2127 1137 2210 preditus
1160 2125 1290 2209 ingenio

133 2226 229 2311 vigili
252 2248 327 2291 eura
340 2235 558 2311 perscrutatus
581 2230 815 2316 eatfmagistros
832 2233 950 2297 artium
967 2235 1121 2310 auctores,
1147 2232 1201 2316 qui
1218 2251 1289 2296 oum

130 2331 236 2396 multa
259 2332 376 2398 viderit
398 2337 496 2419 atque
520 2336 634 2418 legerit
658 2337 813 2401 librorum
836 2335 1021 2415 volumina,
1045 2341 1114 2400 turn
1138 2335 1290 2400 memorie

130 2435 273 2519 plurima
288 2442 565 2519 commendaverit,
589 2442 644 2525 qui
661 2463 724 2506 non
740 2442 842 2506 solum
867 2441 984 2506 divinis
1001 2441 1103 2506 literis
1125 2445 1173 2504 set
1190 2439 1288 2504 eciam

129 2538 329 2606 secularibus
359 2543 403 2606 sit
438 2545 581 2610 imbutus
597 2545 617 2611 ¹.
674 2546 795 2621 Quibus
827 2551 859 2611 te
882 2568 1011 2630 operam
1035 2547 1108 2611 dare
1132 2566 1288 2630 cuperem,

129 2646 301 2728 presertim
323 2649 420 2731 poesi,
444 2650 533 2714 ouius
556 2651 767 2734 prestanoiam
791 2655 823 2714 11
846 2651 1092 2716 emolumentum
1118 2651 1143 2714 si
1169 2649 1288 2714 intueri

9 2759 10 2812 l
129 2751 282 2830 volueris,
305 2753 388 2817 nihil
410 2775 485 2820 sane
507 2757 540 2819 in
563 2757 677 2839 studijs
692 2757 804 2835 maius,
827 2756 976 2834 nobilius,
1000 2755 1081 2820 nihil
1104 2755 1216 2820 utilius
1239 2755 1287 2818 ni·

9 2847 11 2942 l
130 2856 219 2920 hilve
235 2857 401 2922 iocundius
418 2862 565 2943 reperies.
612 2861 691 2926 Mihi
708 2863 807 2940 crede,
836 2863 919 2946 quod
944 2863 1012 2926 sine
1027 2867 1185 2940 accurata,
1209 2861 1289 2925 trita

9 3005 10 3010 κ
129 2968 161 3027 11
187 2961 352 3027 recondita
374 2962 540 3032 literarum
563 2969 701 3052 pericia,
726 2991 820 3052 quam
846 2968 946 3051 poesia
969 2969 1039 3051 ipsa
1061 2969 1214 3045 continet,
1239 2967 1287 3032 uil

129 3068 236 3132 altum
271 3088 329 3132 111
363 3071 566 3153 magnificum
607 3073 668 3138 eibi
698 3074 844 3138 edificare
876 3074 1033 3160 quispiam
1073 3076 1187 3157 potest.
1247 3071 1289 3138 Elt

125 3196 199 3239 cum
211 3174 318 3257 plures
328 3176 566 3258 egregiosviros
581 3179 724 3264 soienoije
735 3185 767 3243 11
776 3185 885 3262 poetas
901 3182 934 3244 te
950 3179 1138 3264 quandoque
1148 3176 1190 3262 (l)
1208 3200 1282 3261 per·

130 3280 283 3344 lustrasse
306 3280 489 3366 eontigerit,
512 3283 637 3347 demum
661 3285 746 3348 inter
769 3305 839 3362 eoa,
871 3284 925 3368 qui
955 3285 993 3349 de
1015 3283 1190 3348 christiana
1213 3281 1287 3346 reli·

135 3385 232 3469 gione
256 3407 405 3469 umquam
430 3389 643 3471 scripserunt,
675 3394 705 3452 et
728 3390 846 3453 eminet
875 3394 906 3452 11
931 3388 1057 3453 excellit
1080 3387 1184 3451 nitore
1209 3408 1286 3470 quo·

131 3489 203 3553 darn
248 3494 281 3554 et
314 3492 405 3576 copia
436 3490 624 3558 Lactanoius
665 3493 863 3571 Firmanus,
904 3495 954 3558 vir
985 3493 1114 3558 omnino
1145 3491 1287 3555 omnium

135 3595 382 3660 christianorum
406 3598 518 3681 procul
541 3599 637 3663 dubio
667 3599 944 3683 eloquentissimus
976 3603 1007 3662 et
1036 3597 1169 3680 primns,
1199 3596 1288 3660 cuius

137 3699 285 3766 facundia
315 3706 347 3765 et
376 3701 499 3768 dicendi
522 3706 628 3789 figura
650 3705 812 3789 ingenium
838 3708 927 3768 tuum
955 3701 1097 3787 preclare
1120 3701 1288 3766 instituere

134 3807 229 3889 atque
251 3804 337 3870 alere
359 3807 489 3876 valebit.

221 3909 317 3976 Volui
342 3933 398 3993 per
421 3911 487 3993 heo,
512 3919 626 3998 patruo
650 3914 851 3995 suavissime,
875 3915 1055 3998 opinionem
1082 3914 1164 3977 hanc
1185 3932 1287 3974 meam

135 4015 172 4078 de
195 4015 361 4080 literarum
398 4017 517 4100 pericia
532 4057 574 4065 —-
592 4041 653 4104 quc
675 4041 834 4103 perpauca
858 4019 935 4084 mihi
961 4026 1057 4083 est-
1083 4026 1186 4081 tecum
1210 4037 1286 4080 coa·

135 4119 218 4184 ferre
241 4124 273 4184 et
303 4122 397 4185 sicuti
423 4129 605 4188 currentem
637 4129 668 4186 te
699 4125 737 4188 ad
765 4124 901 4207 gloriam
931 4123 1102 4189 cohortari.
1152 4121 1286 4184 Domino

134 4225 256 4290 doctori
277 4223 427 4312 Jo[anni]
461 4228 498 4291 do
524 4226 728 4314 llat[isbona]
753 4251 803 4292 me
827 4230 1114 4294 recommendatum
1140 4226 1282 4289 habe...

700 4333 718 4366 a

204 4398 216 4451 l
237 4397 283 4450 Bis
293 4397 403 4452 hierher
414 4397 450 4453 ist
461 4398 510 4454 der
523 4400 597 4454 briei
606 4432 639 4439 -
653 4401 705 4456 mit
718 4401 845 4469 wenigen
860 4400 1018 4469 gabotenen
1032 4399 1214 4466 tnderungen
1229 4396 1285 4451 und

136 4485 338 4555 auelassangen
355 4517 390 4525 -
412 4487 540 4542 wdrtlich
559 4489 622 4543 dem
641 4490 803 4545 bekannten
828 4487 971 4543 schreiben
989 4486 1036 4541 dea
1056 4485 1133 4541 Enca
1145 4483 1231 4539 Silrio
1250 4501 1286 4538 an

133 4573 234 4641 herzog
248 4573 411 4646 sigismund
421 4592 446 4630 r.
458 4575 631 4631 Oeeterreioh
641 4577 698 4648 [ep.
711 4575 759 4632 105
770 4575 820 4630 der
829 4575 936 4630 Narnb.
951 4575 1087 4645 ausgabe]
1096 4579 1287 4637 entnommen.

604 4703 649 4713 unu-a-
