3106 5252
133 634 285 698 oneribus
319 637 475 718 quantum
513 633 693 698 avocaberis
724 655 743 696 a
776 633 881 698 studio
915 633 1087 698 laudabilis
1121 633 1286 717 sapientie,

135 738 253 822 quibus
268 736 506 820 opereprecium
523 738 667 802 intentus
683 737 784 810 fuisti,
800 738 954 802 continuo
970 738 1094 803 doctior
1110 738 1181 803 eris.
1206 736 1283 802 lnde

136 843 275 908 animum
300 841 530 906 exanimabunt
545 863 636 906 cause
653 841 783 921 diverse,
808 848 844 906 ut
866 847 979 926 potens
1003 863 1062 906 neo
1078 843 1121 906 sit
1144 842 1287 926 priorum

137 948 332 1024 meminisse,
363 968 424 1032 que
448 947 480 1011 in
504 947 573 1012 ocio
596 947 772 1027 didicerat,
796 947 899 1013 nescit
921 951 1028 1012 autem
1052 947 1202 1012 suavibus
1225 947 1288 1032 hijs

136 1051 249 1134 studijs
272 1053 305 1116 in
322 1051 466 1116 futurum
483 1073 613 1135 operam
629 1051 784 1120 conferre.
832 1051 946 1118 Gravis
962 1052 1094 1131 sarcina,
1119 1074 1180 1136 que
1198 1051 1287 1136 quie·

136 1163 199 1224 tem
214 1157 248 1220 in
272 1157 396 1222 labores
424 1159 593 1238 convertit,
617 1157 650 1222 in
666 1159 837 1242 negocium
852 1157 1087 1222 suavitudinem
1103 1161 1288 1233 commutat,

135 1262 257 1328 inducit
289 1262 489 1327 formidinem
520 1262 713 1346 tranquillo,
746 1268 779 1327 et
803 1262 894 1347 quasi
926 1262 964 1326 de
987 1263 1071 1328 dulei
1103 1268 1134 1328 et
1157 1261 1288 1327 amabili

134 1367 219 1432 unda
241 1367 275 1429 in
299 1366 434 1450 Stigiam
459 1367 608 1452 paludem
624 1368 777 1434 devectat.
824 1366 940 1432 Nonne
956 1368 1015 1432 tibi
1039 1367 1200 1432 videbitur
1215 1371 1288 1450 post

134 1493 246 1540 amena
268 1473 353 1550 ocia,
383 1473 499 1558 quibus
524 1494 595 1538 cnm
619 1473 770 1558 nymphis
793 1473 899 1538 choris
921 1473 1075 1538 intereras
1099 1471 1287 1536 coelicorum

134 1579 309 1660 satrapum,
325 1583 357 1642 et
372 1577 494 1660 perfrui
511 1576 643 1660 delioijs,
669 1577 785 1663 quibus
802 1576 862 1641 soli
879 1576 986 1642 felices
1002 1577 1154 1662 gaudent,
1178 1576 1286 1640 iocun-

134 1681 271 1759 dabaris,
295 1681 328 1746 in
352 1682 499 1766 abyssum
517 1682 681 1746 detrusum
705 1687 737 1745 et
753 1681 1017 1765 quemadmodum
1042 1683 1080 1746 de
1097 1679 1184 1746 coelo
1200 1681 1287 1764 elap-

133 1806 203 1849 sum
227 1785 261 1848 in
285 1785 370 1850 hunc
401 1786 609 1869 caliginosum
641 1786 846 1870 laberyntum
878 1786 1070 1852 concidisse?
1104 1784 1186 1850 Sane
1215 1807 1285 1850 curn

134 1890 243 1974 priora
259 1890 387 1955 silentia
410 1891 574 1956 meditaris
590 1891 650 1956 tibi
674 1913 827 1956 conversa
847 1892 881 1954 in
904 1891 1102 1957 amarissima
1118 1891 1287 1977 colloquia,

133 2001 222 2060 totns
238 1996 353 2060 merito
371 1996 520 2088 turbaris,
537 1998 598 2062 nisi
615 2019 651 2065 ea
669 2019 732 2062 non
748 1997 889 2082 perfecte
912 1997 1069 2062 dilexeris.
1109 1996 1187 2073 »0«,
1203 1996 1288 2062 dices

18 2127 20 2132 ·
134 2107 221 2180 tuno,
237 2102 287 2165 vir
301 2101 484 2182 clarissime,
511 2125 625 2189 »quam
643 2102 776 2188 indigna
791 2103 928 2168 mutatio
944 2123 1047 2167 meum
1064 2103 1200 2168 variavit
1216 2102 1286 2167 ani·

136 2229 232 2285 mum,
256 2206 406 2270 distraxit
428 2205 688 2293 convellitquefr
722 2205 775 2272 Sic
791 2206 869 2271 celle
893 2211 948 2270 tue
971 2206 1142 2290 penicioris
1167 2227 1287 2271 memor

133 2313 208 2378 dum
231 2312 264 2376 in
287 2313 429 2396 pretorio
460 2311 542 2377 vices
569 2311 790 2390 administras,
823 2310 950 2396 optabis
982 2310 1186 2376 vehementer
1210 2333 1286 2390 esse,

80 2499 85 2510 Ι
134 2417 218 2501 quod
233 2417 356 2500 pridem
372 2416 472 2482 fuisti.
519 2416 704 2502 Egredienti
719 2416 753 2502 (ι)
777 2417 903 2481 domum
920 2417 1053 2502 querula
1076 2422 1107 2481 te
1123 2417 1287 2500 excipiunt

134 2523 324 2606 questiones,
347 2522 469 2586 sedenti
485 2521 518 2585 in
542 2521 697 2586 tribunali
713 2521 881 2586 criminose
897 2520 1069 2604 agitabunt
1084 2542 1186 2601 cause,
1210 2522 1283 2586 doc·

133 2631 185 2692 tus
209 2632 240 2689 et
264 2626 416 2710 insipiens
446 2649 504 2710 per
525 2632 557 2691 te
580 2647 651 2691 suas
683 2627 774 2709 cupit
796 2625 969 2689 terminare
999 2630 1124 2708 partes,
1155 2628 1236 2712 qui1
1259 2629 1286 2691 si

132 2731 228 2797 alteri
252 2731 292 2795 lis
315 2733 448 2797 inbono
475 2732 625 2816 adempta
645 2731 753 2809 fuerit,
777 2728 1010 2813 rrupioionibus
1033 2736 1145 2796 eontra
1160 2737 1193 2796 te
1209 2733 1285 2796 sub-

134 2842 322 2915 murmurat,
339 2837 456 2901 conflat
470 2837 543 2902 odia
561 2842 592 2902 et
608 2841 687 2922 aput
702 2846 832 2900 cunctos
848 2833 985 2917 pessima
1000 2834 1151 2918 opinione
1168 2835 1285 2901 famam

134 2948 234 3022 tuam,
258 2944 360 3028 quoad
385 2949 501 3026 potest,
526 2943 686 3008 diminuit.

222 3046 336 3132 Itaque
358 3054 433 3112 sunt
457 3048 564 3126 emuli,
587 3047 698 3125 invidi,
721 3047 820 3127 avari,
844 3045 992 3124 factiosi,
1015 3045 1190 3130 temerarij,
1212 3068 1286 3130 per·

132 3152 198 3233 fidi,
222 3153 405 3236 suspiciosi,
428 3135 559 3238 superbi
584 3158 615 3218 et
637 3154 723 3218 omni
747 3153 828 3245 vicio
851 3152 1028 3236 plenissimi
1059 3153 1093 3216 in
1116 3157 1230 3218 cuncta
1253 3174 1287 3216 re

134 3258 272 3340 publica,
295 3280 430 3344 quorum
454 3259 481 3322 si
506 3258 658 3322 cervicem
683 3258 808 3322 conaris
830 3256 1006 3336 inflectere,
1032 3255 1151 3322 forcius
1174 3261 1287 3321 contra

133 3367 166 3426 te
188 3362 269 3427 colla
291 3364 425 3448 erigent.
471 3361 596 3426 Horum
624 3361 685 3425 nisi
712 3362 887 3445 prudenter
910 3362 1006 3426 armis
1026 3362 1212 3441 obstiteris,
1236 3367 1286 3426 to·

132 3471 199 3530 tarn
224 3488 290 3531 rem
313 3468 475 3550 publicam
493 3467 715 3544 sedicionibus,
738 3466 888 3548 secordijs
912 3471 944 3530 et
960 3467 1154 3532 tumultibus
1171 3467 1285 3551 imple·

134 3571 193 3636 bis.
240 3572 289 3636 Ad
313 3594 393 3658 quos
416 3573 503 3660 quali
521 3578 681 3656 quantave
705 3571 830 3635 racione
855 3571 1006 3635 utendum
1022 3571 1076 3650 sit,
1100 3576 1136 3634 ut
1159 3571 1287 3635 malicia

132 3676 261 3741 tandem
295 3676 541 3762 supprimatur’
575 3700 614 3742 ne
647 3680 786 3754 crescat,
820 3679 852 3739 et
874 3675 977 3741 virtus
999 3680 1226 3759 augmentetur
1250 3681 1287 3740 ut

131 3782 252 3859 valeat,
284 3805 393 3849 revera
425 3807 487 3850 non
521 3807 585 3848 una
617 3783 729 3867 regula
759 3780 893 3866 parique
924 3781 1091 3865 disciplina
1122 3782 1286 3847 universos

132 3886 338 3971 gubernabis,
361 3911 435 3953 nam
452 3911 527 3952 suus
543 3889 658 3972 cuique
674 3909 742 3952 mos
764 3892 885 3951 estnec
902 3891 977 3951 voto
992 3887 1113 3952 vivitur
1135 3907 1199 3951 uno
1213 3936 1219 3948 .
1233 3937 1240 3951 .
1255 3935 1285 3950 ..

132 4039 158 4054 ..
172 3987 211 4075 [f.
228 3990 320 4076 295].
334 4042 359 4057 ..
374 4042 382 4057 .
405 3992 472 4058 Heo
489 4015 539 4058 me
556 3997 766 4071 commovent,
781 3991 825 4054 mi
841 3989 1053 4076 Sigismunde,
1076 3996 1113 4056 ιιι
1128 3991 1189 4055 tibi
1204 4012 1286 4074 puro

131 4095 227 4160 corde
250 4097 446 4181 compaciar,
478 4119 587 4163 eorum
610 4097 845 4174 commisertus,
880 4117 942 4180 que
966 4097 1050 4160 mala
1072 4100 1147 4160 sunt
1169 4095 1203 4158 in
1226 4095 1287 4162 hoc

133 4200 262 4278 mundo,
286 4205 334 4264 set
356 4203 477 4286 optime
501 4203 636 4266 confisus
653 4207 707 4267 tue
729 4200 853 4282 virtuti,
877 4201 979 4285 pluris
996 4199 1205 4284 congratulor
1228 4199 1286 4265 ho·

132 4306 220 4383 nori,
254 4327 348 4390 quarn
371 4307 520 4372 lamentis
551 4329 623 4372 eum
646 4328 830 4393 prosequar.
877 4304 962 4371 Novi
995 4306 1081 4372 enim
1111 4309 1285 4390 equitatem

701 4442 719 4480 ss

204 4529 218 4581 1
237 4527 296 4583 red.
313 4527 366 4582 cui.
455 4528 550 4584 arod.
569 4525 747 4598 suppinstur.

186 4631 292 4688 maced.
1059 4615 1076 4673 2
