3106 5246
681 447 743 513 169

219 623 436 691 Concordatns
461 627 510 690 est
525 623 690 709 episcopua
708 621 949 707 Bambergensis
972 645 1043 688 cum
1059 622 1137 689 duce
1152 621 1286 690 Saxonie

132 725 309 796 Wilhelmo
332 729 444 814 perd.
468 729 683 796 marchionem
709 729 878 794 Albertum
907 732 939 793 et
961 728 1143 813 episcopum
1168 728 1285 794 Herbi·

132 832 296 916 polensem
317 835 376 899 snb
400 835 459 900 hae
481 835 599 914 forma,
623 835 707 920 quod
732 835 897 920 epiecopus
932 833 1175 918 Bambergenrie
1197 834 1286 900 dabit

16 1005 18 1032 ,
132 939 202 1004 duci
226 937 404 1004 Wilhelmo
427 939 512 1006 circa
535 944 655 1024 septem
679 939 770 1005 milia
789 939 982 1004 florenorum
1007 942 1039 1004 et
1061 944 1202 1004 steuram
1218 961 1284 1004 me·

132 1043 259 1109 diama
288 1045 355 1108 suis
376 1045 522 1130 recipiet,
554 1066 615 1129 qne
648 1065 682 1109 se
714 1044 753 1110 ad
784 1043 841 1108 xiii
863 1042 953 1108 milia
982 1043 1149 1108 extendere
1171 1042 1284 1128 vulga-

131 1153 190 1216 tar.
239 1147 411 1216 Residuum
434 1149 494 1215 sibi
519 1150 696 1234 ururpebit.

16 1251 17 1272 ³
217 1253 300 1320 Sunt
324 1253 376 1320 hic
398 1255 436 1320 de
458 1258 551 1338 parte
572 1251 820 1320 christianorum
844 1254 908 1319 duo
940 1253 1072 1318 barones
1095 1253 1133 1318 de
1156 1251 1286 1318 Boemia

130 1379 287 1424 unacum
310 1359 427 1426 decano
451 1359 580 1426 ecclesie
601 1360 703 1426 sancti
720 1358 918 1426 Wenczeslai
941 1358 979 1423 de
999 1357 1114 1443 Praga,
1140 1356 1285 1423 Hilarius

15 1495 16 1514 ÷
130 1464 269 1544 nomine,
293 1487 385 1550 quem
402 1486 457 1531 ros
471 1487 600 1534 noscere
614 1467 689 1546 seio,
706 1465 784 1531 olim
799 1463 972 1548 discipulus
987 1462 1176 1542 Rockiaane,
1201 1485 1286 1529 nnnc

15 1565 16 1620 ἐ
129 1589 204 1634 vero
227 1569 278 1633 vir
299 1570 440 1653 optimus
462 1569 644 1649 catolicus¹,
668 1570 723 1654 qui
747 1569 849 1649 hodie,
880 1569 1008 1653 quando
1030 1566 1138 1632 statim
1162 1566 1191 1634 d.
1208 1564 1285 1631 Car-

129 1673 244 1738 dinalis
268 1674 443 1758 hospicium
460 1696 552 1742 suum
577 1676 711 1741 intravit
734 1680 806 1761 post
835 1674 929 1740 misse
956 1672 1215 1751 celebracionem,
1237 1671 1284 1737 le-

129 1779 347 1844 mentabiliter
371 1784 403 1844 et
424 1781 591 1864 queruloso
623 1782 701 1846 satis
724 1803 829 1847 coram
852 1801 899 1860 eo,
919 1778 1067 1863 pluribus
1083 1777 1285 1862 presentibus

130 1887 163 1946 et
179 1904 228 1946 me
244 1884 404 1961 audiente,
423 1885 599 1968 proposuit,
624 1883 708 1968 quod
723 1884 784 1949 sibi
803 1884 835 1948 in
853 1883 966 1948 faciem
989 1880 1145 1969 [quidam]
1158 1882 1286 1946 nomine

130 1986 208 2053 Otto
232 1989 270 2054 de
294 1986 455 2073 Sparneck
469 1987 493 2069 ¹,
529 1989 639 2056 fovens
666 2011 774 2076 regem
798 2011 833 2054 ac
866 1989 933 2054 eius
956 1992 1075 2054 sectam
1099 1987 1284 2054 maledicam

130 2092 280 2157 hesterno
295 2095 419 2177 vesperi
443 2093 671 2178 maledixisse[t
688 2091 732 2181 et]
749 2094 782 2158 in
799 2092 928 2178 publica
944 2092 1051 2177 platea
1068 2092 1152 2158 circa
1175 2092 1284 2176 hospi·

128 2195 211 2260 cium
244 2195 331 2261 ducis
356 2196 505 2264 Ludovici
534 2199 638 2264 verbis
671 2199 855 2264 inundasset
878 2198 1124 2264 contumeliosis.
1173 2196 1285 2262 Plures

129 2301 209 2365 moti
233 2300 372 2366 lacrimis
397 2303 426 2366 ei
457 2303 549 2369 valde
567 2303 795 2384 condolebant,
818 2305 846 2371 d.
870 2303 1048 2370 Cardinalis
1069 2301 1284 2388 propositaff)

129 2406 186 2471 hec
219 2407 331 2471 retulit
365 2408 566 2494 principibus
600 2409 673 2475 aliis
703 2415 734 2474 et
767 2431 862 2494 super
897 2409 957 2475 hoo
991 2410 1066 2474 dare
1100 2429 1284 2492 responsum

131 2509 308 2598 [pollicitus
331 2513 402 2596 estl.

218 2615 301 2682 Item
324 2619 506 2686 retulerunt
526 2619 644 2704 prefati
668 2621 802 2686 barones
826 2622 917 2704 regni
939 2619 1076 2696 Boemie,
1100 2620 1206 2702 ipsum
1227 2617 1284 2683 Jo-

131 2721 274 2808 [annem]
299 2723 336 2788 de
361 2723 507 2808 Rynaw⁸
532 2725 722 2790 conductum
746 2730 778 2790 et
801 2725 988 2789 salariatum
1021 2724 1119 2789 fuisse
1142 2745 1199 2807 per
1222 2743 1284 2801 eos,

130 2830 178 2891 set
202 2827 372 2893 novissime
395 2827 566 2916 maliciose,
588 2829 718 2910 furtive,
750 2830 972 2896 fraudulenter
988 2835 1021 2895 et
1048 2834 1161 2913 sponte
1185 2829 1225 2893 ab
1240 2828 1285 2892 eis

127 2931 196 2996 sine
218 2932 301 2997 scitu
338 2938 370 2998 et
394 2933 501 2999 lavore
528 2936 706 3001 discessisse
738 2943 769 3002 et
796 2937 835 3001 ad
860 2935 1025 3016 Boemum,
1052 2937 1209 3020 quondam
1234 2955 1283 3000 as-

129 3041 252 3102 sertum
275 3058 382 3123 regem
409 3039 546 3121 Boemie,
571 3063 641 3106 cum
665 3043 899 3128 quinquaginta
921 3042 1011 3127 equis
1038 3039 1229 3125 applicuisse
1253 3043 1286 3103 et

128 3164 215 3209 nunc
239 3149 362 3226 partem
386 3167 475 3211 suam
499 3147 605 3212 fovere
636 3152 668 3212 et
697 3153 808 3213 contra
840 3149 1031 3214 christianos
1058 3147 1162 3224 viros,
1185 3146 1283 3212 unde-

12 3295 13 3324 ,
128 3269 265 3332 cumque
288 3255 405 3333 potest,
430 3251 533 3316 utica
556 3254 666 3318 innata
689 3275 746 3318 sua
763 3253 890 3319 malicia
912 3253 1085 3334 consuevit,
1109 3252 1285 3318 machinari

128 3352 161 3415 in
188 3373 296 3418 necem
319 3354 532 3438 plurimorum
556 3358 803 3423 christianorum
839 3364 872 3424 et
906 3361 937 3423 in
963 3359 1187 3424 detrimentum
1213 3356 1285 3421 fidei

127 3457 293 3522 ortodoxe.
341 3457 381 3523 Et
403 3460 449 3524 ito
473 3461 564 3525 melis
588 3462 705 3547 ubique
729 3462 994 3527 invalescentibus
1013 3485 1114 3545 pauca
1139 3483 1212 3546 spes
1233 3484 1281 3526 re-

12 3561 13 3606 l
129 3561 288 3647 linquitur
317 3563 507 3630 christicolis
529 3571 561 3630 et
584 3567 645 3630 nisi
670 3569 863 3651 prudenter,
891 3569 1004 3632 timore
1029 3568 1078 3632 dei
1108 3567 1283 3651 preposito,

12 3661 13 3704 i
129 3668 184 3752 qui
208 3689 328 3752 paucus
351 3670 434 3734 inter
458 3671 618 3754 principes
635 3678 692 3750 est,
716 3677 929 3751 succurratur,
954 3673 1135 3738 timendum
1161 3678 1219 3751 est,
1243 3696 1282 3737 ne

129 3773 331 3857 gravioribus
361 3775 540 3840 afficiamur
575 3776 676 3843 melis.
735 3777 791 3843 Est
818 3778 901 3842 enim
937 3778 1056 3842 invidie
1079 3782 1111 3842 et
1133 3778 1283 3861 superbia

130 3881 327 3960 permaxima
357 3881 409 3945 hic
433 3881 518 3945 inter
551 3882 731 3967 principes,
766 3906 823 3967 per
855 3907 948 3968 quam
981 3883 1083 3947 omnis
1107 3883 1282 3961 eoncordia,

132 3984 305 4048 multorum
341 3985 495 4050 bonorum
528 3987 649 4051 fautrix
672 3994 705 4052 et
728 3989 846 4052 cultrix
871 3987 1073 4075 [suffocatur,
1108 4009 1163 4070 per
1187 4009 1282 4071 quarn

133 4090 268 4172 veteres]
294 4091 482 4170 conservari,
506 4090 633 4156 inease⁴
661 4099 693 4157 et
716 4095 826 4178 augeri
850 4093 1100 4179 rempublicam
1125 4092 1283 4158 uberrime

132 4194 343 4259 tradiderunt.
393 4195 594 4262 Horrendunr
620 4203 667 4262 est
689 4200 797 4264 videre
820 4221 980 4283 pompam,
1006 4221 1100 4285 quem
1118 4198 1169 4262 hic
1193 4196 1282 4280 prin·

203 4388 214 4440 l
236 4384 300 4456 Vgl.
313 4387 446 4456 Palacky,
460 4387 556 4444 Gesch.
571 4405 595 4440 v.
609 4333 732 4444 Bohmdn
745 4389 790 4452 IV,
806 4392 829 4452 2.
848 4392 900 4445 450
913 4393 931 4445 f.
947 4391 1003 4445 und
1017 4392 1076 4445 470.
1139 4389 1155 4441 2
1176 4388 1283 4458 Haupt·

133 4489 217 4526 mann
236 4491 270 4527 nu
289 4475 362 4543 Eget
386 4492 407 4528 s.
426 4474 528 4530 Fontes
554 4492 607 4532 rer.
627 4477 721 4532 Austr.
743 4477 777 4530 Il.
804 4479 851 4534 Bd.
872 4479 946 4533 XLII
974 4477 1087 4548 passim.
1194 4476 1283 4534 dllin

132 4559 321 4632 berdehtigter
340 4563 531 4633 wegelagerer
550 4583 571 4619 r.
592 4565 663 4619 auch
681 4565 720 4620 St.
733 4563 797 4622 Chr.
808 4565 841 4632 V,
861 4567 911 4622 39⁵
926 4569 944 4624 f.
964 4569 1015 4622 210
1035 4567 1055 4622 f.
1107 4568 1124 4620 4
1143 4565 1284 4622 crescere?
