3092 5244
805 405 847 472 80

249 580 365 652 dicioni
377 583 466 650 illam
482 590 683 668 exponentes,
707 587 739 648 et
756 605 805 648 res
837 583 1020 648 condicione
1035 581 1148 668 dignas
1163 580 1283 648 nullam
1309 581 1403 646 aliam

250 692 291 757 cb
313 711 437 756 causam
460 712 493 754 ss
515 695 696 774 prosecutos
720 692 890 768 testantur,
915 689 976 752 nisi
1000 688 1042 753 ob
1064 687 1245 767 avariciam,
1270 687 1333 752 hoc
1357 689 1404 750 est

250 796 319 861 auri
343 799 375 860 ct
396 795 522 878 argenti
544 792 761 878 cupiditatem.
816 791 850 857 si
872 813 924 857 me
958 793 998 856 ad
1021 791 1195 862 sanctiores
1218 789 1403 874 disciplinas

248 903 372 965 vertere
393 900 533 976 voluero,
558 902 595 965 ad
619 899 854 984 philosophiam
876 901 977 982 ipsam
1002 899 1159 978 divinem,
1183 919 1277 982 quam
1303 897 1404 971 teolo-

248 1004 333 1089 giam
368 1005 510 1084 dicimus,
543 1005 701 1072 sciendine
737 1027 831 1070 causa
863 1027 903 1069 an
934 1004 1109 1089 plurimum
1137 1003 1284 1070 lucrandi
1308 1006 1400 1066 tanta

249 1108 380 1193 ponitur
401 1111 434 1175 in
459 1110 521 1194 hijs
543 1111 707 1178 edocendis
730 1114 853 1195 opera?
887 1109 968 1186 Quid
992 1110 1106 1188 dicam,
1129 1116 1165 1174 ut
1195 1130 1271 1192 pace
1293 1113 1401 1173 vestra

248 1214 372 1298 loquar,
396 1216 434 1281 da
456 1217 671 1282 sacerdotibus
688 1217 817 1296 nostris,
842 1237 977 1302 quorum
1000 1216 1106 1281 studia
1122 1214 1323 1280 manifestius
1348 1235 1403 1297 ap-

250 1324 387 1404 parent?
430 1319 516 1386 Num
539 1321 625 1385 aliud
650 1325 807 1404 spectant,
831 1326 980 1406 querunt,
1004 1321 1150 1386 ambiunt
1171 1321 1230 1384 sub
1253 1319 1328 1384 fidei
1350 1339 1403 1384 ve·

250 1426 398 1506 lamento,
421 1425 483 1490 nisi
505 1431 543 1491 ut
565 1448 664 1510 parvo
687 1427 796 1491 labore
819 1427 932 1492 divites
954 1427 1054 1502 fiant,
1085 1430 1205 1510 quanta
1226 1445 1289 1490 non
1314 1423 1402 1488 solli-

249 1531 392 1596 citudine
421 1535 469 1595 set
497 1532 745 1616 importunitate
769 1537 801 1598 ct
822 1533 1033 1616 impudencia,
1058 1531 1132 1612 hec,
1164 1552 1225 1616 que
1248 1529 1401 1602 beneficia

251 1641 376 1716 vocant,
398 1642 506 1720 petere
540 1637 689 1704 videntur
712 1637 898 1703 diviciarum
920 1638 1038 1722 gracia,
1061 1659 1122 1721 que
1144 1656 1207 1722 quo
1229 1640 1304 1699 sunt
1324 1654 1403 1718 opu·

249 1741 398 1822 lenciora,
422 1764 458 1807 eo
473 1742 625 1808 maiorem
641 1743 674 1806 in
691 1765 728 1808 ca
748 1763 934 1810 concursum
951 1747 1047 1828 atque
1076 1743 1233 1826 impetum
1263 1739 1333 1804 fieri
1355 1739 1403 1802 vi·

250 1847 378 1928 demus,
409 1847 470 1912 nisi
500 1847 607 1912 forsan
641 1851 773 1931 propter
794 1847 975 1912 salvandam
999 1847 1154 1924 animam,
1185 1866 1248 1909 non
1271 1848 1403 1929 propter

250 1952 350 2017 vitam
373 1953 406 2018 in
430 1953 552 2036 delicijs
575 1953 748 2038 degendam
770 1973 806 2016 ea
834 1956 1002 2037 tantopere
1031 1952 1153 2036 putetis
1176 1951 1291 2034 expeti.
1340 1947 1401 2026 nti,

250 2059 304 2142 qui
328 2059 387 2122 sub
409 2058 549 2143 ypocrisi
579 2056 637 2122 hcc
669 2057 831 2140 aspernari
854 2078 887 2121 se
909 2057 1047 2140 fingunt,
1070 2056 1102 2120 id
1126 2058 1244 2139 agunt,
1280 2058 1400 2118 utnon

250 2164 375 2247 quesita
405 2163 445 2228 ab
480 2164 545 2242 eis,
580 2168 629 2228 set
663 2163 750 2228 ultro
780 2163 894 2228 virtuti
923 2185 960 2228 ac
992 2163 1116 2228 maritis
1138 2163 1203 2225 suis
1226 2161 1331 2226 delata
1354 2160 1398 2225 vi·

253 2269 387 2334 deantur
404 2267 424 2334 ¹.

338 2370 558 2439 Perlustrare⁸
581 2373 682 2438 eciam
705 2372 780 2436 licet
796 2372 923 2456 singula
939 2371 1104 2450 exercicia,
1128 2372 1194 2438 sive
1210 2393 1271 2456 quc
1286 2371 1400 2448 animo,

250 2481 316 2544 sive
339 2501 400 2564 que
422 2499 554 2561 corpore
577 2477 852 2558 administrantur,
877 2476 922 2542 nil
940 2497 1073 2544 vacuum
1090 2477 1255 2561 reperietis
1278 2477 1400 2560 ingenti

250 2584 435 2668 cupiditate.
481 2581 637 2667 Quicquid
652 2582 737 2646 inter
761 2582 911 2647 mortales
929 2582 1062 2646 tractari
1078 2581 1229 2660 videmus,
1252 2580 1401 2666 quicquid

250 2690 462 2774 periculorum
473 2688 601 2772 suscipi,
625 2708 662 2751 eo
677 2689 809 2769 spectat,
834 2690 869 2750 ut
885 2685 958 2750 inde
975 2706 1087 2749 aurum
1111 2689 1208 2768 atque
1230 2689 1407 2776 argentum!

251 2796 432 2860 excudatur.
478 2793 535 2858 Est
557 2793 641 2858 enim
664 2792 845 2876 peroptima
868 2791 906 2855 ad
931 2812 1021 2854 usum
1046 2813 1245 2856 communem
1267 2797 1299 2856 ct
1321 2791 1400 2856 civi·

252 2900 313 2962 lem
338 2899 436 2963 vitam
460 2897 609 2982 pecunia,
634 2918 728 2980 quam
751 2896 926 2960 necessario
944 2895 1133 2960 Aristoteles
1148 2895 1313 2962 inventam
1335 2900 1400 2960 tra·

251 3004 333 3069 didit
356 3003 394 3066 ad
412 3002 599 3068 commercia
615 2999 778 3065 hominum
804 3021 915 3083 resque
927 3004 1040 3065 mutuo
1058 2998 1299 3066 contrahendas.
1328 2999 1400 3064 Eius

250 3109 352 3191 igitur
375 3108 555 3190 appetitum
586 3107 613 3170 ai
636 3106 823 3189 culpabitis,
852 3106 981 3189 culpare
1011 3107 1086 3170 licet
1109 3111 1141 3170 et
1164 3111 1295 3183 ceteros,
1323 3127 1400 3192 quos

251 3213 321 3296 ipsa
344 3211 435 3276 nobis
459 3211 545 3274 dedit
568 3216 691 3274 natura.

338 3315 484 3382 Scribitis
500 3320 619 3399 postea,
637 3314 777 3380 Ytaliam
791 3336 856 3379 esse
871 3317 1057 3380 ambicionis
1073 3318 1243 3402 exemplar.
1276 3317 1400 3396 Nescio,

253 3424 296 3488 mi
320 3424 348 3489 d.
372 3423 492 3502 doctor,
515 3444 555 3485 an
573 3421 797 3500 melioraret,
820 3420 990 3486 avariciam
1013 3423 1090 3505 pelli
1105 3423 1145 3487 ab
1163 3423 1345 3489 hominibus
1361 3445 1399 3488 an

251 3528 468 3594 ambicionem.
515 3527 658 3592 Alterius
679 3549 738 3610 ope
761 3549 829 3592 rem
852 3528 1012 3610 publicam
1048 3549 1122 3612 sepe
1144 3529 1286 3592 adiutam
1309 3529 1398 3594 audi·

250 3635 363 3713 vimus,
385 3633 517 3698 alterius
540 3634 624 3698 malo
638 3654 830 3718 oppressam.
865 3633 907 3698 M.
931 3631 1061 3698 Crassus
1077 3632 1142 3698 fuit
1159 3656 1282 3716 avarus,
1306 3633 1401 3700 Cesar

250 3739 405 3816 liberalis,
420 3743 470 3803 set
484 3736 616 3820 cupidus
633 3737 824 3802 dominandi.
863 3735 943 3811 Quid
960 3737 1095 3804 Romam
1111 3740 1238 3820 evertit,
1254 3737 1401 3806 Crassine

253 3844 390 3911 avaricia
413 3844 565 3908 immensa
587 3865 627 3906 an
652 3842 776 3908 Cesaris
797 3843 958 3908 ambicio?
996 3845 1053 3910 Ait
1068 3844 1153 3910 enim
1169 3842 1316 3910 Valerius
1333 3844 1399 3910 Ma-

251 3949 368 4014 ximus:
399 3946 517 4012 »Nulla
539 3952 588 4011 est
603 3951 694 4010 tanta
717 3949 816 4028 racio,
842 3970 904 4032 que
925 3949 1089 4013 dulcedine
1118 3949 1220 4034 glorie
1243 3971 1308 4015 non
1331 3955 1401 4016 tan·

251 4062 365 4138 gatus«
384 4053 407 4119 ³.
430 4089 472 4102 -—

322 4231 334 4282 l
356 4227 423 4282 Hier
441 4227 516 4297 folgt
533 4227 572 4280 im
592 4229 708 4296 concept
726 4227 771 4281 sin
791 4169 918 4282 viliterer
935 4228 1072 4283 cbenlalls
1085 4225 1213 4283 vortlich
1231 4245 1281 4282 aus
1295 4227 1400 4299 Poggio

251 4317 269 4370 l.
287 4331 313 4379 c.
329 4317 362 4370 22
389 4317 599 4372 entnommener
618 4313 776 4378 abschnitt‚
804 4315 853 4372 der
877 4317 971 4384 spltter
995 4333 1043 4370 am
1069 4316 1157 4371 rande
1181 4315 1235 4369 mit
1254 4319 1339 4371 vacat
1356 4316 1399 4370 be

251 4402 377 4458 aeiehnst
394 4403 439 4460 ist.
528 4402 619 4456 anas
648 4401 779 4472 folgende
797 4402 840 4456 bis
859 4419 921 4458 zum
949 4402 1071 4458 schlusse
1089 4402 1137 4460 des
1156 4403 1283 4458 abactam
1302 4402 1401 4458 wieder

252 4507 302 4544 aus
321 4489 427 4557 Poggio
445 4490 465 4547 l.
484 4505 505 4542 c.
526 4489 565 4545 12.
640 4490 656 4544 3
675 4487 740 4560 Vgl.
760 4488 865 4559 PoggIo
884 4490 904 4543 L
922 4505 944 4544 c.
965 4490 1006 4544 15.
