3092 5244
683 467 724 535 67

125 650 246 728 quanto
268 667 320 709 eas
343 645 508 710 sinceriori
532 645 718 731 puriorique
734 667 810 731 erga
834 669 883 710 me
903 652 1009 712 mente
1032 669 1191 712 emanasse
1214 649 1278 712 scio

124 754 156 813 et
181 755 288 814 certus
310 771 390 816 sum.
436 750 474 815 In
509 752 568 818 hoc
600 756 716 831 autem,
750 753 833 836 quod
858 751 991 816 Veneris
1026 753 1173 835 cupidine
1196 755 1282 818 canis

124 855 187 918 iam
217 855 396 920 nitentibus
427 855 529 920 lesum
562 878 612 920 me
642 877 708 919 esse
739 857 870 934 asseris,
906 878 1026 921 morem
1065 856 1125 920 tibi
1159 859 1193 921 in
1224 858 1283 922 hoc

123 979 277 1041 gererem,
300 961 327 1024 si
343 961 418 1043 igue
434 961 562 1038 amoris,
587 982 650 1045 quo
666 961 698 1023 in
726 961 791 1025 dies
818 983 906 1040 uror,
932 983 995 1026 non
1022 961 1167 1027 celerem.
1216 961 1283 1028 Nec

124 1066 251 1128 obiecta
275 1069 340 1128 tam
364 1065 581 1148 placidissima
603 1087 755 1150 umquam
778 1065 857 1130 mihi
882 1067 1025 1150 requiem
1048 1067 1193 1149 prebent,
1216 1067 1282 1130 vir·

123 1173 224 1234 tutem
248 1170 350 1253 ipsam
374 1171 658 1254 concupiscibilem
687 1207 725 1218 -
752 1192 847 1254 quam
875 1171 1063 1255 quandoque
1088 1171 1193 1254 sopire
1216 1171 1280 1234 vel·

125 1274 187 1338 lem
207 1274 429 1358 -quiescere
452 1296 516 1341 non
539 1276 659 1354 sinunt,
682 1277 734 1340 sed
760 1276 927 1359 blandieijs
957 1277 1022 1340 suis
1045 1279 1077 1339 et
1100 1277 1279 1340 conversio-

40 1376 42 1380 ’
124 1379 219 1442 nibus
252 1378 397 1444 dulcibus
429 1379 561 1444 cottidie
592 1380 727 1464 agitent.
783 1379 851 1446 Nec
885 1403 1035 1465 umquam
1067 1380 1152 1445 aliud
1176 1382 1208 1445 in
1233 1403 1283 1444 me

124 1485 317 1548 censendum
344 1485 491 1568 putabis,
525 1507 620 1568 quam
646 1484 730 1549 illud
755 1484 931 1550 Domitiani
963 1486 1135 1569 principis:
1176 1483 1283 1550 »Furti

124 1589 232 1653 auimo
248 1588 316 1653 fero
332 1609 454 1652 comam
470 1590 503 1653 iu
525 1590 742 1655 adolescentia
756 1591 765 1625 ¹
783 1595 1028 1656 senescentem«.
1067 1589 1171 1655 Tanto
1183 1591 1284 1676 igitur

126 1692 273 1776 exemplo
289 1692 442 1776 pauculos
457 1715 551 1760 canos
566 1716 653 1760 meos
675 1695 744 1779 ipse
759 1697 881 1760 solatus
897 1718 976 1760 sum.
1026 1693 1167 1759 Numma
1183 1696 1282 1760 eciam

127 1795 319 1880 Pompilius,
344 1798 400 1882 qui
415 1800 569 1864 secundus
585 1800 670 1864 inter
689 1799 845 1865 Romanos
868 1821 958 1884 reges
975 1800 1128 1884 dyadema
1150 1802 1283 1865 sortitus

125 1908 189 1981 est,
222 1902 264 1965 ab
287 1903 502 1968 adolescentia
539 1926 636 1969 canus
667 1906 809 1970 creditur
845 1906 951 1970 fuisse.
996 1903 1155 1989 Virgilius
1185 1906 1283 1970 eciam

125 2010 234 2071 noster
258 2009 290 2070 in
309 2006 466 2086 Bucolica,
493 2033 588 2094 quam
611 2012 708 2076 xxvii.
725 2013 821 2076 etatis
836 2034 920 2076 anno
936 2011 1099 2094 scripsisse
1116 2033 1186 2075 euru
1211 2033 1282 2074 con·

124 2117 191 2176 stat
201 2110 224 2191 ²,
237 2112 296 2176 sub
308 2135 442 2196 persona
450 2116 586 2197 pastoris
595 2116 633 2180 de
645 2138 678 2180 se
688 2117 756 2200 ipso
768 2116 901 2202 loquens
912 2117 975 2180 ait:
996 2113 1185 2179 »Candidior
1197 2120 1283 2198 post·

125 2240 222 2300 quam
246 2218 396 2282 tondenti
420 2221 521 2285 barba
542 2223 705 2288 cadebat«
755 2221 811 2286 llst
828 2223 928 2306 igitur
953 2220 1072 2304 grande
1096 2221 1175 2283 mihi
1200 2222 1282 2284 sola-

123 2323 218 2401 cium,
243 2327 310 2386 tam
333 2322 427 2388 claris
451 2329 577 2408 septum
603 2347 671 2389 esse
694 2327 874 2391 comitibus.

601 2537 809 2544 ——-—-—-

674 2725 734 2797 29.

124 2864 304 2960 [Thomas
335 2862 569 2936 Oedcnhofer
594 2888 642 2936 an
671 2865 839 2938 Andreas
870 2866 1110 2960 Kaufringcr.
1167 2867 1285 2960 Augs·

475 2987 586 3084 burg]
621 2985 720 3059 1460
755 2999 857 3060 murz
888 2989 945 3062 12.

455 3139 518 3192 clm.
537 3139 624 3194 22403
643 3138 661 3193 f.
683 3140 740 3194 157.
777 3139 923 3194 Abschrilt
936 3141 954 3194 ³.

126 3263 410 3329 Dankfiirdie
434 3264 727 3328 tibersandten
744 3263 980 3328 cantilenae
1003 3265 1077 3328 des
1100 3266 1286 3330 domiuus

125 3369 308 3453 Uesper,
339 3391 388 3432 an
413 3369 537 3432 denen
570 3368 805 3431 besonders
828 3366 996 3432 Sibilla
1023 3368 1286 3434 Gessembrot

505 3473 719 3556 gefallen
742 3472 905 3538 findet.

216 3615 356 3681 Sinceris
380 3615 546 3680 affectibus
569 3636 639 3678 eum
658 3613 877 3678 benivolencia
892 3613 1070 3696 prelibatis,
1117 3612 1206 3688 Quod
1230 3614 1284 3677 do-

128 3722 251 3785 minum
274 3719 468 3804 Casparern⁴
506 3719 636 3784 fratrem
661 3742 767 3784 meum
790 3724 822 3784 et
845 3719 1005 3784 hominem
1029 3719 1115 3783 omui
1138 3718 1285 3783 claritate

702 3841 719 3878 ²l<

126 3947 167 3983 nr.
190 3929 222 3982 14
242 3928 298 3981 und
319 3929 382 3983 dem
416 3927 574 3984 venerande
593 3928 683 3982 frater
701 3944 721 3981 s.
737 3925 838 3998 jedocb
864 3927 934 3981 auch
960 3945 1000 3980 nr.
1022 3927 1063 3982 33.
1083 3925 1125 3980 78.
1162 3925 1286 3978 Ersteres

126 4015 199 4070 nach
218 4015 267 4069 der
285 4017 410 4086 stelluug
441 4017 481 4070 im
501 4015 586 4071 codex
605 4017 668 4085 (auf
685 4015 748 4070 dem
766 4013 911 4069 rdclrblett
928 4032 976 4067 zur
995 4011 1155 4068 reinschrift
1173 4011 1221 4064 des
1240 4028 1286 4065 vo·

125 4103 226 4172 rigari),
246 4104 342 4158 womit
356 4104 457 4174 jedocb
478 4120 530 4156 nur
549 4101 594 4156 ein
613 4100 753 4156 terminus
780 4118 797 4154 a
816 4119 871 4169 quo
890 4100 1023 4169 gegeben.

199 4190 291 4246 leod.
311 4190 511 4246 acolesceneia.
618 4188 704 4244 2Die
729 4187 877 4243 nachricht
904 4190 1021 4242 stammt
1050 4202 1100 4240 aus
1127 4185 1191 4238 dem
1209 4197 1285 4252 soge-

126 4280 255 4333 nannten
284 4276 579 4333 Probus-commentar
598 4294 631 4330 au
653 4277 757 4346 Vergil,
777 4276 831 4330 den
849 4275 992 4330 Hermann
1011 4275 1098 4326 unten
1108 4289 1150 4326 nr.
1162 4273 1196 4324 47
1215 4271 1285 4326 noch

127 4365 232 4420 einmal
251 4365 353 4420 citiert.
384 4363 453 4434 Vgl.
474 4365 575 4435 jedocb
596 4383 661 4418 aum
681 4381 789 4434 ganaen
806 4362 954 4424 Petrarca,
977 4363 1016 4414 De
1035 4363 1139 4414 secreto
1158 4357 1286 4414 conflictu

127 4456 178 4508 etc.
198 4452 328 4522 dialogus
347 4452 387 4505 lll
407 4453 497 4523 [Opp.
509 4455 560 4508 407
573 4453 611 4519 f.]‚
631 4453 680 4506 der
697 4450 825 4504 wortlich
838 4447 1067 4518 ausgeschrieben
1086 4446 1132 4501 ist.
1186 4446 1202 4499 3
1220 4443 1285 4514 Vgl.

127 4541 197 4594 oben
218 4558 260 4595 nr.
278 4541 320 4594 25.
395 4544 410 4592 4
431 4539 486 4594 Der
509 4541 549 4592 im
569 4542 660 4594 ersten
682 4537 755 4591 brief
772 4539 917 4606 genannte
936 4533 1067 4603 capellan
1086 4533 1134 4587 des
1153 4523 1266 4587 kaisers.

1033 4623 1074 4678 5*
