<?xml version="1.0" encoding="UTF-8"?>
<!DOCTYPE html PUBLIC "-//W3C//DTD XHTML 1.0 Transitional//EN"
    "http://www.w3.org/TR/xhtml1/DTD/xhtml1-transitional.dtd">
<html xmlns="http://www.w3.org/1999/xhtml" xml:lang="en" lang="en">
 <head>
  <title>
</title>
<meta http-equiv="Content-Type" content="text/html;charset=utf-8" />
  <meta name='ocr-system' content='tesseract 3.04.00' />
  <meta name='ocr-capabilities' content='ocr_page ocr_carea ocr_par ocr_line ocrx_word'/>
</head>
<body>
  <div class='ocr_page' id='page_1' title='image "./hermannschedels00joacgoog_0147.png"; bbox 0 0 3092 5244; ppageno 0'>
   <div class='ocr_carea' id='block_1_1' title="bbox 213 187 744 602">
    <p class='ocr_par' dir='ltr' id='par_1_1' title="bbox 213 187 744 602">
     <span class='ocr_line' id='line_1_1' title="bbox 283 187 510 300; baseline 0 0"><span class='ocrx_word' id='word_1_1' title='bbox 283 187 385 300; x_wconf 41' lang='lat' dir='ltr'><strong>57·st</strong></span> <span class='ocrx_word' id='word_1_2' title='bbox 413 191 510 300; x_wconf 56' lang='lat' dir='ltr'><strong>*lle</strong></span> 
     </span>
     <span class='ocr_line' id='line_1_2' title="bbox 265 357 531 424; baseline 0.023 -6"><span class='ocrx_word' id='word_1_3' title='bbox 265 357 531 424; x_wconf 78' lang='lat' dir='ltr'><strong>uurrrssrrr</strong></span> 
     </span>
     <span class='ocr_line' id='line_1_3' title="bbox 213 187 744 602; baseline -0.002 -63"><span class='ocrx_word' id='word_1_4' title='bbox 213 187 575 602; x_wconf 32' lang='grc' dir='ltr'><strong>ζμ)</strong></span> <span class='ocrx_word' id='word_1_5' title='bbox 685 475 744 539; x_wconf 81' lang='lat'><strong>131</strong></span> 
     </span>
    </p>
   </div>
   <div class='ocr_carea' id='block_1_2' title="bbox 132 648 1289 1892">
    <p class='ocr_par' dir='ltr' id='par_1_2' title="bbox 132 648 1289 1892">
     <span class='ocr_line' id='line_1_4' title="bbox 134 648 1284 736; baseline 0.005 -26"><span class='ocrx_word' id='word_1_6' title='bbox 134 648 336 731; x_wconf 86' lang='lat' dir='ltr'><strong>purgandum</strong></span> <span class='ocrx_word' id='word_1_7' title='bbox 353 650 474 728; x_wconf 91' lang='lat' dir='ltr'><strong>tulerit,</strong></span> <span class='ocrx_word' id='word_1_8' title='bbox 499 649 582 734; x_wconf 89' lang='lat' dir='ltr'><strong>quod</strong></span> <span class='ocrx_word' id='word_1_9' title='bbox 602 649 709 714; x_wconf 90' lang='lat' dir='ltr'><strong>oculos</strong></span> <span class='ocrx_word' id='word_1_10' title='bbox 722 651 821 714; x_wconf 87' lang='lat' dir='ltr'><strong>lateat</strong></span> <span class='ocrx_word' id='word_1_11' title='bbox 832 649 1027 728; x_wconf 73' lang='lat' dir='ltr'>mortalium,</span> <span class='ocrx_word' id='word_1_12' title='bbox 1051 651 1091 716; x_wconf 91' lang='lat' dir='ltr'><strong>ab</strong></span> <span class='ocrx_word' id='word_1_13' title='bbox 1106 651 1284 736; x_wconf 89' lang='lat' dir='ltr'><strong>purgatorij</strong></span> 
     </span>
     <span class='ocr_line' id='line_1_5' title="bbox 134 752 1288 842; baseline 0.004 -26"><span class='ocrx_word' id='word_1_14' title='bbox 134 754 282 819; x_wconf 85' lang='lat' dir='ltr'><strong>incendio</strong></span> <span class='ocrx_word' id='word_1_15' title='bbox 298 757 396 821; x_wconf 90' lang='lat' dir='ltr'><strong>cicius</strong></span> <span class='ocrx_word' id='word_1_16' title='bbox 411 757 566 821; x_wconf 77' lang='lat' dir='ltr'>liberetur</span> <span class='ocrx_word' id='word_1_17' title='bbox 578 805 584 818; x_wconf 95' lang='lat'><strong><em>.</em></strong></span> <span class='ocrx_word' id='word_1_18' title='bbox 594 805 619 821; x_wconf 88' lang='lat'><strong>..</strong></span> <span class='ocrx_word' id='word_1_19' title='bbox 632 752 763 842; x_wconf 53' lang='lat' dir='ltr'><strong>[sacch]</strong></span> <span class='ocrx_word' id='word_1_20' title='bbox 774 803 797 819; x_wconf 90' lang='lat'><strong>..</strong></span> <span class='ocrx_word' id='word_1_21' title='bbox 809 805 815 818; x_wconf 95' lang='lat'><strong><em>.</em></strong></span> <span class='ocrx_word' id='word_1_22' title='bbox 827 753 909 830; x_wconf 80' lang='lat' dir='ltr'><strong>Quid</strong></span> <span class='ocrx_word' id='word_1_23' title='bbox 921 761 1026 820; x_wconf 90' lang='lat' dir='ltr'><strong>autem</strong></span> <span class='ocrx_word' id='word_1_24' title='bbox 1042 757 1288 841; x_wconf 87' lang='lat' dir='ltr'><strong>singularissimi</strong></span> 
     </span>
     <span class='ocr_line' id='line_1_6' title="bbox 134 857 1287 944; baseline 0.003 -24"><span class='ocrx_word' id='word_1_25' title='bbox 134 857 260 939; x_wconf 84' lang='lat' dir='ltr'><strong>fratres,</strong></span> <span class='ocrx_word' id='word_1_26' title='bbox 286 861 424 944; x_wconf 91' lang='lat' dir='ltr'><strong>dignius,</strong></span> <span class='ocrx_word' id='word_1_27' title='bbox 439 860 556 924; x_wconf 90' lang='lat' dir='ltr'><strong>iustius</strong></span> <span class='ocrx_word' id='word_1_28' title='bbox 575 863 632 923; x_wconf 90' lang='lat' dir='ltr'><strong>aut</strong></span> <span class='ocrx_word' id='word_1_29' title='bbox 648 858 827 924; x_wconf 77' lang='lat' dir='ltr'><strong>naturalius</strong></span> <span class='ocrx_word' id='word_1_30' title='bbox 844 863 901 938; x_wconf 88' lang='lat' dir='ltr'><strong>ast,</strong></span> <span class='ocrx_word' id='word_1_31' title='bbox 917 881 1012 943; x_wconf 90' lang='lat' dir='ltr'><strong>quam</strong></span> <span class='ocrx_word' id='word_1_32' title='bbox 1031 881 1172 924; x_wconf 78' lang='lat' dir='ltr'><strong>reamare</strong></span> <span class='ocrx_word' id='word_1_33' title='bbox 1184 859 1287 940; x_wconf 89' lang='lat' dir='ltr'><strong>illum,</strong></span> 
     </span>
     <span class='ocr_line' id='line_1_7' title="bbox 135 965 1288 1051; baseline 0.004 -25"><span class='ocrx_word' id='word_1_34' title='bbox 135 965 186 1046; x_wconf 90' lang='lat' dir='ltr'><strong>qui</strong></span> <span class='ocrx_word' id='word_1_35' title='bbox 212 965 303 1047; x_wconf 87' lang='lat' dir='ltr'><strong>prius</strong></span> <span class='ocrx_word' id='word_1_36' title='bbox 325 966 461 1044; x_wconf 86' lang='lat' dir='ltr'><strong>amavit,</strong></span> <span class='ocrx_word' id='word_1_37' title='bbox 499 972 531 1030; x_wconf 90' lang='lat' dir='ltr'><strong>et</strong></span> <span class='ocrx_word' id='word_1_38' title='bbox 554 987 613 1051; x_wconf 88' lang='lat' dir='ltr'><strong>ego</strong></span> <span class='ocrx_word' id='word_1_39' title='bbox 644 987 707 1031; x_wconf 89' lang='lat' dir='ltr'><strong>non</strong></span> <span class='ocrx_word' id='word_1_40' title='bbox 732 985 860 1048; x_wconf 91' lang='lat' dir='ltr'><strong>possum</strong></span> <span class='ocrx_word' id='word_1_41' title='bbox 882 987 964 1043; x_wconf 88' lang='lat' dir='ltr'><strong>eum,</strong></span> <span class='ocrx_word' id='word_1_42' title='bbox 986 966 1134 1030; x_wconf 82' lang='lat' dir='ltr'><strong>videlicet</strong></span> <span class='ocrx_word' id='word_1_43' title='bbox 1156 988 1288 1051; x_wconf 87' lang='lat' dir='ltr'><strong>precep-</strong></span> 
     </span>
     <span class='ocr_line' id='line_1_8' title="bbox 135 1069 1287 1154; baseline 0.007 -26"><span class='ocrx_word' id='word_1_44' title='bbox 135 1073 233 1131; x_wconf 86' lang='lat' dir='ltr'><strong>torem</strong></span> <span class='ocrx_word' id='word_1_45' title='bbox 258 1076 401 1134; x_wconf 87' lang='lat' dir='ltr'><strong>uostrum</strong></span> <span class='ocrx_word' id='word_1_46' title='bbox 427 1072 600 1150; x_wconf 89' lang='lat' dir='ltr'><strong>mortuum,</strong></span> <span class='ocrx_word' id='word_1_47' title='bbox 633 1091 697 1134; x_wconf 86' lang='lat' dir='ltr'><strong>non</strong></span> <span class='ocrx_word' id='word_1_48' title='bbox 720 1069 873 1153; x_wconf 84' lang='lat' dir='ltr'><strong>diligere,</strong></span> <span class='ocrx_word' id='word_1_49' title='bbox 905 1070 961 1154; x_wconf 86' lang='lat' dir='ltr'><strong>qui</strong></span> <span class='ocrx_word' id='word_1_50' title='bbox 984 1091 1108 1153; x_wconf 83' lang='lat' dir='ltr'><strong>semper</strong></span> <span class='ocrx_word' id='word_1_51' title='bbox 1130 1093 1190 1150; x_wconf 90' lang='lat' dir='ltr'><strong>me,</strong></span> <span class='ocrx_word' id='word_1_52' title='bbox 1213 1071 1287 1136; x_wconf 89' lang='lat' dir='ltr'><strong>dum</strong></span> 
     </span>
     <span class='ocr_line' id='line_1_9' title="bbox 134 1171 1285 1258; baseline 0.003 -22"><span class='ocrx_word' id='word_1_53' title='bbox 134 1173 264 1252; x_wconf 84' lang='lat' dir='ltr'><strong>viveret,</strong></span> <span class='ocrx_word' id='word_1_54' title='bbox 287 1175 353 1238; x_wconf 89' lang='lat' dir='ltr'><strong>suis</strong></span> <span class='ocrx_word' id='word_1_55' title='bbox 375 1174 602 1240; x_wconf 89' lang='lat' dir='ltr'><strong>dileccionibus</strong></span> <span class='ocrx_word' id='word_1_56' title='bbox 625 1175 782 1258; x_wconf 83' lang='lat' dir='ltr'><strong>prevenit.</strong></span> <span class='ocrx_word' id='word_1_57' title='bbox 828 1171 913 1238; x_wconf 90' lang='lat' dir='ltr'><strong>Nam</strong></span> <span class='ocrx_word' id='word_1_58' title='bbox 938 1175 1078 1257; x_wconf 90' lang='lat' dir='ltr'><strong>primum</strong></span> <span class='ocrx_word' id='word_1_59' title='bbox 1101 1175 1135 1239; x_wconf 92' lang='lat' dir='ltr'><strong>in</strong></span> <span class='ocrx_word' id='word_1_60' title='bbox 1158 1175 1285 1240; x_wconf 84' lang='lat' dir='ltr'><strong>univer-</strong></span> 
     </span>
     <span class='ocr_line' id='line_1_10' title="bbox 132 1276 1287 1366; baseline 0.003 -26"><span class='ocrx_word' id='word_1_61' title='bbox 132 1278 225 1342; x_wconf 87' lang='lat' dir='ltr'><strong>sitate</strong></span> <span class='ocrx_word' id='word_1_62' title='bbox 250 1279 407 1357; x_wconf 87' lang='lat' dir='ltr'><strong>Padoaua,</strong></span> <span class='ocrx_word' id='word_1_63' title='bbox 435 1276 521 1366; x_wconf 89' lang='lat' dir='ltr'><strong>[ubi]</strong></span> <span class='ocrx_word' id='word_1_64' title='bbox 547 1280 613 1363; x_wconf 90' lang='lat' dir='ltr'><strong>ipse</strong></span> <span class='ocrx_word' id='word_1_65' title='bbox 636 1279 792 1357; x_wconf 87' lang='lat' dir='ltr'><strong>doctrina,</strong></span> <span class='ocrx_word' id='word_1_66' title='bbox 815 1279 920 1343; x_wconf 91' lang='lat' dir='ltr'><strong>studio</strong></span> <span class='ocrx_word' id='word_1_67' title='bbox 944 1285 976 1343; x_wconf 91' lang='lat' dir='ltr'><strong>et</strong></span> <span class='ocrx_word' id='word_1_68' title='bbox 988 1279 1121 1362; x_wconf 87' lang='lat' dir='ltr'><strong>optimis</strong></span> <span class='ocrx_word' id='word_1_69' title='bbox 1145 1281 1287 1345; x_wconf 90' lang='lat' dir='ltr'><strong>moribus</strong></span> 
     </span>
     <span class='ocr_line' id='line_1_11' title="bbox 134 1382 1288 1470; baseline 0.003 -24"><span class='ocrx_word' id='word_1_70' title='bbox 134 1382 265 1462; x_wconf 87' lang='lat' dir='ltr'><strong>claruit,</strong></span> <span class='ocrx_word' id='word_1_71' title='bbox 291 1385 395 1467; x_wconf 89' lang='lat' dir='ltr'><strong>incepi</strong></span> <span class='ocrx_word' id='word_1_72' title='bbox 419 1406 492 1450; x_wconf 87' lang='lat' dir='ltr'><strong>eum</strong></span> <span class='ocrx_word' id='word_1_73' title='bbox 516 1389 632 1448; x_wconf 88' lang='lat' dir='ltr'><strong>&#39;amare</strong></span> <span class='ocrx_word' id='word_1_74' title='bbox 654 1387 687 1449; x_wconf 92' lang='lat' dir='ltr'><strong>et</strong></span> <span class='ocrx_word' id='word_1_75' title='bbox 709 1405 760 1448; x_wconf 89' lang='lat' dir='ltr'><strong>me</strong></span> <span class='ocrx_word' id='word_1_76' title='bbox 786 1386 898 1466; x_wconf 89' lang='lat' dir='ltr'><strong>postea</strong></span> <span class='ocrx_word' id='word_1_77' title='bbox 920 1384 961 1448; x_wconf 91' lang='lat' dir='ltr'><strong>ab</strong></span> <span class='ocrx_word' id='word_1_78' title='bbox 983 1384 1052 1467; x_wconf 92' lang='lat' dir='ltr'><strong>ipso</strong></span> <span class='ocrx_word' id='word_1_79' title='bbox 1076 1384 1171 1470; x_wconf 79' lang='lat' dir='ltr'><strong>diligi</strong></span> <span class='ocrx_word' id='word_1_80' title='bbox 1194 1384 1288 1449; x_wconf 89' lang='lat' dir='ltr'><strong>rebar</strong></span> 
     </span>
     <span class='ocr_line' id='line_1_12' title="bbox 136 1487 1288 1572; baseline 0.003 -21"><span class='ocrx_word' id='word_1_81' title='bbox 136 1488 281 1571; x_wconf 91' lang='lat' dir='ltr'><strong>pluribus</strong></span> <span class='ocrx_word' id='word_1_82' title='bbox 304 1489 510 1572; x_wconf 76' lang='lat' dir='ltr'><strong>argumentis.</strong></span> <span class='ocrx_word' id='word_1_83' title='bbox 561 1487 643 1554; x_wconf 89' lang='lat' dir='ltr'><strong>Ymo</strong></span> <span class='ocrx_word' id='word_1_84' title='bbox 667 1489 857 1553; x_wconf 88' lang='lat' dir='ltr'><strong>inveritate</strong></span> <span class='ocrx_word' id='word_1_85' title='bbox 881 1488 985 1572; x_wconf 91' lang='lat' dir='ltr'><strong>reperi</strong></span> <span class='ocrx_word' id='word_1_86' title='bbox 1015 1489 1102 1552; x_wconf 91' lang='lat' dir='ltr'><strong>omni</strong></span> <span class='ocrx_word' id='word_1_87' title='bbox 1125 1490 1230 1555; x_wconf 91' lang='lat' dir='ltr'><strong>studio</strong></span> <span class='ocrx_word' id='word_1_88' title='bbox 1252 1512 1288 1555; x_wconf 89' lang='lat' dir='ltr'><strong>ac</strong></span> 
     </span>
     <span class='ocr_line' id='line_1_13' title="bbox 134 1592 1288 1680; baseline 0.002 -23"><span class='ocrx_word' id='word_1_89' title='bbox 134 1594 311 1680; x_wconf 87' lang='lat' dir='ltr'><strong>vigilancia</strong></span> <span class='ocrx_word' id='word_1_90' title='bbox 332 1595 531 1672; x_wconf 76' lang='lat' dir='ltr'><strong>contendere,</strong></span> <span class='ocrx_word' id='word_1_91' title='bbox 559 1592 723 1676; x_wconf 85' lang='lat' dir='ltr'><strong>desiderijs</strong></span> <span class='ocrx_word' id='word_1_92' title='bbox 746 1593 824 1657; x_wconf 90' lang='lat' dir='ltr'><strong>meis</strong></span> <span class='ocrx_word' id='word_1_93' title='bbox 839 1593 988 1657; x_wconf 87' lang='lat' dir='ltr'><strong>satisfieri</strong></span> <span class='ocrx_word' id='word_1_94' title='bbox 1010 1596 1146 1674; x_wconf 87' lang='lat' dir='ltr'><strong>cunctis,</strong></span> <span class='ocrx_word' id='word_1_95' title='bbox 1169 1600 1203 1659; x_wconf 91' lang='lat' dir='ltr'><strong>et</strong></span> <span class='ocrx_word' id='word_1_96' title='bbox 1217 1596 1288 1660; x_wconf 89' lang='lat' dir='ltr'><strong>ideo</strong></span> 
     </span>
     <span class='ocr_line' id='line_1_14' title="bbox 135 1698 1289 1783; baseline 0.003 -21"><span class='ocrx_word' id='word_1_97' title='bbox 135 1701 237 1783; x_wconf 89' lang='lat' dir='ltr'><strong>ipsum</strong></span> <span class='ocrx_word' id='word_1_98' title='bbox 262 1700 378 1764; x_wconf 89' lang='lat' dir='ltr'><strong>merito</strong></span> <span class='ocrx_word' id='word_1_99' title='bbox 409 1698 506 1762; x_wconf 84' lang='lat' dir='ltr'><strong>dilexi</strong></span> <span class='ocrx_word' id='word_1_100' title='bbox 539 1702 572 1762; x_wconf 89' lang='lat' dir='ltr'><strong>et</strong></span> <span class='ocrx_word' id='word_1_101' title='bbox 594 1698 729 1782; x_wconf 80' lang='lat' dir='ltr'><strong>diligam</strong></span> <span class='ocrx_word' id='word_1_102' title='bbox 751 1699 785 1762; x_wconf 91' lang='lat' dir='ltr'><strong>in</strong></span> <span class='ocrx_word' id='word_1_103' title='bbox 808 1721 910 1764; x_wconf 86' lang='lat' dir='ltr'><strong>evum.</strong></span> <span class='ocrx_word' id='word_1_104' title='bbox 957 1699 1084 1765; x_wconf 79' lang='lat' dir='ltr'><strong>Etiam</strong></span> <span class='ocrx_word' id='word_1_105' title='bbox 1107 1700 1211 1764; x_wconf 89' lang='lat' dir='ltr'><strong>factus</strong></span> <span class='ocrx_word' id='word_1_106' title='bbox 1241 1706 1289 1766; x_wconf 87' lang='lat' dir='ltr'><strong>est</strong></span> 
     </span>
     <span class='ocr_line' id='line_1_15' title="bbox 136 1803 1289 1892; baseline 0.002 -24"><span class='ocrx_word' id='word_1_107' title='bbox 136 1807 213 1869; x_wconf 90' lang='lat' dir='ltr'><strong>mihi</strong></span> <span class='ocrx_word' id='word_1_108' title='bbox 236 1805 421 1892; x_wconf 85' lang='lat' dir='ltr'><strong>germanior</strong></span> <span class='ocrx_word' id='word_1_109' title='bbox 443 1804 613 1888; x_wconf 89' lang='lat' dir='ltr'><strong>presertim</strong></span> <span class='ocrx_word' id='word_1_110' title='bbox 639 1803 671 1868; x_wconf 90' lang='lat' dir='ltr'><strong>iu</strong></span> <span class='ocrx_word' id='word_1_111' title='bbox 695 1803 755 1868; x_wconf 94' lang='lat' dir='ltr'><strong>hac</strong></span> <span class='ocrx_word' id='word_1_112' title='bbox 778 1826 822 1869; x_wconf 91' lang='lat' dir='ltr'><strong>re.</strong></span> <span class='ocrx_word' id='word_1_113' title='bbox 876 1803 959 1868; x_wconf 90' lang='lat' dir='ltr'><strong>Nam</strong></span> <span class='ocrx_word' id='word_1_114' title='bbox 992 1827 1106 1870; x_wconf 88' lang='lat' dir='ltr'><strong>noman</strong></span> <span class='ocrx_word' id='word_1_115' title='bbox 1130 1807 1199 1872; x_wconf 88' lang='lat' dir='ltr'><strong>eius</strong></span> <span class='ocrx_word' id='word_1_116' title='bbox 1221 1808 1289 1871; x_wconf 90' lang='lat' dir='ltr'><strong>sine</strong></span> 
     </span>
    </p>
   </div>
   <div class='ocr_carea' id='block_1_3' title="bbox 12 1909 1290 2522">
    <p class='ocr_par' dir='ltr' id='par_1_3' title="bbox 12 1909 1290 2522">
     <span class='ocr_line' id='line_1_16' title="bbox 138 1909 1289 1997; baseline 0.001 -23"><span class='ocrx_word' id='word_1_117' title='bbox 138 1933 206 1975; x_wconf 90' lang='lat' dir='ltr'><strong>meo</strong></span> <span class='ocrx_word' id='word_1_118' title='bbox 229 1911 361 1976; x_wconf 90' lang='lat' dir='ltr'><strong>nomine</strong></span> <span class='ocrx_word' id='word_1_119' title='bbox 384 1910 538 1994; x_wconf 89' lang='lat' dir='ltr'><strong>scriptum</strong></span> <span class='ocrx_word' id='word_1_120' title='bbox 563 1915 611 1975; x_wconf 85' lang='lat' dir='ltr'><strong>est</strong></span> <span class='ocrx_word' id='word_1_121' title='bbox 634 1909 667 1975; x_wconf 90' lang='lat' dir='ltr'><strong>iu</strong></span> <span class='ocrx_word' id='word_1_122' title='bbox 692 1910 813 1974; x_wconf 91' lang='lat' dir='ltr'><strong>duabus</strong></span> <span class='ocrx_word' id='word_1_123' title='bbox 833 1909 953 1974; x_wconf 89' lang='lat' dir='ltr'><strong>cedulis</strong></span> <span class='ocrx_word' id='word_1_124' title='bbox 976 1914 1185 1992; x_wconf 87' lang='lat' dir='ltr'><strong>mortuorum,</strong></span> <span class='ocrx_word' id='word_1_125' title='bbox 1210 1909 1289 1997; x_wconf 89' lang='lat' dir='ltr'><strong>[que</strong></span> 
     </span>
     <span class='ocr_line' id='line_1_17' title="bbox 136 2011 1289 2103; baseline -0.001 -24"><span class='ocrx_word' id='word_1_126' title='bbox 136 2064 298 2080; x_wconf 92' lang='grc'><strong>.......</strong></span> <span class='ocrx_word' id='word_1_127' title='bbox 301 2012 312 2102; x_wconf 90' lang='grc'><strong>]</strong></span> <span class='ocrx_word' id='word_1_128' title='bbox 329 2020 473 2099; x_wconf 86' lang='lat' dir='ltr'><strong>tempore</strong></span> <span class='ocrx_word' id='word_1_129' title='bbox 490 2013 511 2100; x_wconf 73' lang='lat' dir='ltr'><strong>l.</strong></span> <span class='ocrx_word' id='word_1_130' title='bbox 528 2063 536 2078; x_wconf 87' lang='lat'><strong>.</strong></span> <span class='ocrx_word' id='word_1_131' title='bbox 555 2062 563 2078; x_wconf 89' lang='lat'><strong>.</strong></span> <span class='ocrx_word' id='word_1_132' title='bbox 581 2064 589 2079; x_wconf 91' lang='lat'><strong>.</strong></span> <span class='ocrx_word' id='word_1_133' title='bbox 607 2011 628 2102; x_wconf 92' lang='grc'><strong>.]</strong></span> <span class='ocrx_word' id='word_1_134' title='bbox 646 2015 822 2079; x_wconf 80' lang='lat' dir='ltr'><strong>recitantur</strong></span> <span class='ocrx_word' id='word_1_135' title='bbox 846 2012 895 2100; x_wconf 89' lang='lat' dir='ltr'><strong>[in</strong></span> <span class='ocrx_word' id='word_1_136' title='bbox 912 2013 1119 2103; x_wconf 88' lang='lat' dir='ltr'><strong>Dillin]gen¹</strong></span> <span class='ocrx_word' id='word_1_137' title='bbox 1142 2016 1289 2080; x_wconf 89' lang='lat' dir='ltr'><strong>omuibus</strong></span> 
     </span>
     <span class='ocr_line' id='line_1_18' title="bbox 137 2117 1290 2205; baseline 0.001 -21"><span class='ocrx_word' id='word_1_138' title='bbox 137 2121 244 2186; x_wconf 88' lang='lat' dir='ltr'><strong>diebus</strong></span> <span class='ocrx_word' id='word_1_139' title='bbox 274 2121 444 2184; x_wconf 86' lang='lat' dir='ltr'><strong>dominicis</strong></span> <span class='ocrx_word' id='word_1_140' title='bbox 468 2126 500 2184; x_wconf 86' lang='lat' dir='ltr'><strong>et</strong></span> <span class='ocrx_word' id='word_1_141' title='bbox 515 2117 606 2182; x_wconf 88' lang='lat' dir='ltr'><strong>feriis</strong></span> <span class='ocrx_word' id='word_1_142' title='bbox 628 2119 781 2198; x_wconf 87' lang='lat' dir='ltr'><strong>secundis,</strong></span> <span class='ocrx_word' id='word_1_143' title='bbox 805 2125 839 2184; x_wconf 91' lang='lat' dir='ltr'><strong>et</strong></span> <span class='ocrx_word' id='word_1_144' title='bbox 849 2141 964 2187; x_wconf 86' lang='lat' dir='ltr'><strong>nomen</strong></span> <span class='ocrx_word' id='word_1_145' title='bbox 979 2120 1046 2184; x_wconf 90' lang='lat' dir='ltr'><strong>eins</strong></span> <span class='ocrx_word' id='word_1_146' title='bbox 1069 2142 1105 2184; x_wconf 86' lang='lat' dir='ltr'><strong>ac</strong></span> <span class='ocrx_word' id='word_1_147' title='bbox 1120 2126 1290 2205; x_wconf 85' lang='lat' dir='ltr'><strong>parentum</strong></span> 
     </span>
     <span class='ocr_line' id='line_1_19' title="bbox 12 2225 1289 2312; baseline 0.002 -24"><span class='ocrx_word' id='word_1_148' title='bbox 12 2305 13 2308; x_wconf 8' lang='grc' dir='ltr'><strong>Ἴ</strong></span> <span class='ocrx_word' id='word_1_149' title='bbox 135 2247 262 2292; x_wconf 90' lang='lat' dir='ltr'><strong>suorum</strong></span> <span class='ocrx_word' id='word_1_150' title='bbox 290 2227 478 2292; x_wconf 86' lang='lat' dir='ltr'><strong>recitabitur</strong></span> <span class='ocrx_word' id='word_1_151' title='bbox 500 2225 533 2289; x_wconf 91' lang='lat' dir='ltr'><strong>in</strong></span> <span class='ocrx_word' id='word_1_152' title='bbox 561 2225 721 2309; x_wconf 90' lang='lat' dir='ltr'><strong>principio</strong></span> <span class='ocrx_word' id='word_1_153' title='bbox 743 2225 961 2290; x_wconf 82' lang='lat' dir='ltr'><strong>anniversarii</strong></span> <span class='ocrx_word' id='word_1_154' title='bbox 983 2227 1046 2291; x_wconf 90' lang='lat' dir='ltr'><strong>mei</strong></span> <span class='ocrx_word' id='word_1_155' title='bbox 1069 2229 1102 2291; x_wconf 92' lang='lat' dir='ltr'><strong>in</strong></span> <span class='ocrx_word' id='word_1_156' title='bbox 1124 2226 1289 2312; x_wconf 89' lang='lat' dir='ltr'><strong>Dillingen</strong></span> 
     </span>
     <span class='ocr_line' id='line_1_20' title="bbox 136 2331 1289 2417; baseline 0.001 -22"><span class='ocrx_word' id='word_1_157' title='bbox 136 2331 321 2417; x_wconf 85' lang='lat' dir='ltr'><strong>peragendi.</strong></span> <span class='ocrx_word' id='word_1_158' title='bbox 375 2331 416 2394; x_wconf 89' lang='lat' dir='ltr'><strong>Et</strong></span> <span class='ocrx_word' id='word_1_159' title='bbox 443 2351 503 2416; x_wconf 91' lang='lat' dir='ltr'><strong>ego</strong></span> <span class='ocrx_word' id='word_1_160' title='bbox 526 2331 599 2395; x_wconf 91' lang='lat' dir='ltr'><strong>dum</strong></span> <span class='ocrx_word' id='word_1_161' title='bbox 623 2331 699 2396; x_wconf 84' lang='lat' dir='ltr'><strong>steti</strong></span> <span class='ocrx_word' id='word_1_162' title='bbox 722 2335 778 2396; x_wconf 86' lang='lat' dir='ltr'><strong>aut</strong></span> <span class='ocrx_word' id='word_1_163' title='bbox 798 2333 899 2412; x_wconf 90' lang='lat' dir='ltr'><strong>stabo,</strong></span> <span class='ocrx_word' id='word_1_164' title='bbox 927 2333 1012 2396; x_wconf 90' lang='lat' dir='ltr'><strong>inter</strong></span> <span class='ocrx_word' id='word_1_165' title='bbox 1033 2334 1220 2398; x_wconf 86' lang='lat' dir='ltr'><strong>secreciores</strong></span> <span class='ocrx_word' id='word_1_166' title='bbox 1243 2334 1289 2396; x_wconf 90' lang='lat' dir='ltr'><strong>la-</strong></span> 
     </span>
     <span class='ocr_line' id='line_1_21' title="bbox 12 2429 1290 2522; baseline -0.001 -22"><span class='ocrx_word' id='word_1_167' title='bbox 12 2429 13 2460; x_wconf 69' lang='lat'><em>³</em></span> <span class='ocrx_word' id='word_1_168' title='bbox 135 2439 257 2517; x_wconf 87' lang='lat' dir='ltr'><strong>crimas,</strong></span> <span class='ocrx_word' id='word_1_169' title='bbox 283 2438 338 2502; x_wconf 91' lang='lat' dir='ltr'><strong>ubi</strong></span> <span class='ocrx_word' id='word_1_170' title='bbox 361 2437 447 2519; x_wconf 86' lang='lat' dir='ltr'><strong>patri</strong></span> <span class='ocrx_word' id='word_1_171' title='bbox 469 2435 603 2500; x_wconf 86' lang='lat' dir='ltr'><strong>offertur</strong></span> <span class='ocrx_word' id='word_1_172' title='bbox 625 2436 730 2515; x_wconf 86' lang='lat' dir='ltr'><strong>lilius,</strong></span> <span class='ocrx_word' id='word_1_173' title='bbox 774 2458 888 2501; x_wconf 91' lang='lat' dir='ltr'><strong>nomen</strong></span> <span class='ocrx_word' id='word_1_174' title='bbox 912 2436 979 2500; x_wconf 89' lang='lat' dir='ltr'><strong>eius</strong></span> <span class='ocrx_word' id='word_1_175' title='bbox 1002 2459 1166 2522; x_wconf 86' lang='lat' dir='ltr'><strong>nunquam</strong></span> <span class='ocrx_word' id='word_1_176' title='bbox 1190 2437 1290 2502; x_wconf 83' lang='lat' dir='ltr'><strong>delevi</strong></span> 
     </span>
    </p>
   </div>
   <div class='ocr_carea' id='block_1_4' title="bbox 136 2541 1291 2626">
    <p class='ocr_par' dir='ltr' id='par_1_4' title="bbox 136 2541 1291 2626">
     <span class='ocr_line' id='line_1_22' title="bbox 136 2541 1291 2626; baseline -0.001 -20"><span class='ocrx_word' id='word_1_177' title='bbox 136 2548 191 2607; x_wconf 92' lang='lat' dir='ltr'><strong>aut</strong></span> <span class='ocrx_word' id='word_1_178' title='bbox 212 2543 326 2608; x_wconf 88' lang='lat' dir='ltr'><strong>delebo</strong></span> <span class='ocrx_word' id='word_1_179' title='bbox 357 2564 375 2604; x_wconf 85' lang='lat' dir='ltr'><strong>a</strong></span> <span class='ocrx_word' id='word_1_180' title='bbox 408 2541 560 2606; x_wconf 90' lang='lat' dir='ltr'><strong>memoria</strong></span> <span class='ocrx_word' id='word_1_181' title='bbox 592 2564 661 2605; x_wconf 88' lang='lat' dir='ltr'><strong>mea</strong></span> <span class='ocrx_word' id='word_1_182' title='bbox 694 2546 726 2606; x_wconf 91' lang='lat' dir='ltr'><strong>et</strong></span> <span class='ocrx_word' id='word_1_183' title='bbox 749 2564 858 2626; x_wconf 85' lang='lat' dir='ltr'><strong>preces</strong></span> <span class='ocrx_word' id='word_1_184' title='bbox 892 2542 1047 2606; x_wconf 87' lang='lat' dir='ltr'><strong>addeum</strong></span> <span class='ocrx_word' id='word_1_185' title='bbox 1074 2564 1134 2626; x_wconf 90' lang='lat' dir='ltr'><strong>pro</strong></span> <span class='ocrx_word' id='word_1_186' title='bbox 1158 2565 1194 2607; x_wconf 87' lang='lat' dir='ltr'><strong>eo</strong></span> <span class='ocrx_word' id='word_1_187' title='bbox 1216 2542 1291 2606; x_wconf 91' lang='lat' dir='ltr'><strong>fun-</strong></span> 
     </span>
    </p>
   </div>
   <div class='ocr_carea' id='block_1_5' title="bbox 13 2646 1290 2729">
    <p class='ocr_par' dir='ltr' id='par_1_5' title="bbox 13 2646 1290 2729">
     <span class='ocr_line' id='line_1_23' title="bbox 13 2646 1290 2729; baseline 0 -19"><span class='ocrx_word' id='word_1_188' title='bbox 13 2711 15 2718; x_wconf 69' lang='grc'>,</span> <span class='ocrx_word' id='word_1_189' title='bbox 137 2648 207 2712; x_wconf 87' lang='lat' dir='ltr'><strong>dere</strong></span> <span class='ocrx_word' id='word_1_190' title='bbox 231 2669 296 2712; x_wconf 89' lang='lat' dir='ltr'><strong>non</strong></span> <span class='ocrx_word' id='word_1_191' title='bbox 320 2647 456 2724; x_wconf 85' lang='lat' dir='ltr'><strong>cessabo,</strong></span> <span class='ocrx_word' id='word_1_192' title='bbox 479 2668 543 2710; x_wconf 90' lang='lat' dir='ltr'><strong>non</strong></span> <span class='ocrx_word' id='word_1_193' title='bbox 562 2646 713 2724; x_wconf 81' lang='lat' dir='ltr'><strong>hesitans,</strong></span> <span class='ocrx_word' id='word_1_194' title='bbox 739 2668 793 2710; x_wconf 87' lang='lat' dir='ltr'><strong>vos</strong></span> <span class='ocrx_word' id='word_1_195' title='bbox 818 2647 956 2729; x_wconf 90' lang='lat' dir='ltr'><strong>optimos</strong></span> <span class='ocrx_word' id='word_1_196' title='bbox 979 2646 1096 2712; x_wconf 85' lang='lat' dir='ltr'><strong>fratres</strong></span> <span class='ocrx_word' id='word_1_197' title='bbox 1118 2648 1201 2712; x_wconf 87' lang='lat' dir='ltr'><strong>idern</strong></span> <span class='ocrx_word' id='word_1_198' title='bbox 1223 2646 1290 2711; x_wconf 88' lang='lat' dir='ltr'><strong>fac-</strong></span> 
     </span>
    </p>
   </div>
   <div class='ocr_carea' id='block_1_6' title="bbox 136 2751 1291 3466">
    <p class='ocr_par' dir='ltr' id='par_1_6' title="bbox 136 2751 1291 3466">
     <span class='ocr_line' id='line_1_24' title="bbox 136 2751 1291 2835; baseline 0.001 -21"><span class='ocrx_word' id='word_1_199' title='bbox 136 2758 224 2818; x_wconf 89' lang='lat' dir='ltr'><strong>turos</strong></span> <span class='ocrx_word' id='word_1_200' title='bbox 247 2773 334 2816; x_wconf 90' lang='lat' dir='ltr'><strong>nunc</strong></span> <span class='ocrx_word' id='word_1_201' title='bbox 368 2757 400 2816; x_wconf 86' lang='lat' dir='ltr'><strong>et</strong></span> <span class='ocrx_word' id='word_1_202' title='bbox 422 2752 568 2834; x_wconf 85' lang='lat' dir='ltr'><strong>longave.</strong></span> <span class='ocrx_word' id='word_1_203' title='bbox 624 2751 694 2815; x_wconf 74' lang='lat' dir='ltr'><strong>urii</strong></span> <span class='ocrx_word' id='word_1_204' title='bbox 718 2753 778 2816; x_wconf 93' lang='lat' dir='ltr'><strong>hoc</strong></span> <span class='ocrx_word' id='word_1_205' title='bbox 807 2753 865 2816; x_wconf 89' lang='lat' dir='ltr'><strong>deo</strong></span> <span class='ocrx_word' id='word_1_206' title='bbox 895 2758 1072 2835; x_wconf 87' lang='lat' dir='ltr'><strong>acceptum,</strong></span> <span class='ocrx_word' id='word_1_207' title='bbox 1103 2753 1164 2816; x_wconf 84' lang='lat' dir='ltr'><strong>erit</strong></span> <span class='ocrx_word' id='word_1_208' title='bbox 1186 2753 1291 2815; x_wconf 88' lang='lat' dir='ltr'><strong>anime</strong></span> 
     </span>
     <span class='ocr_line' id='line_1_25' title="bbox 140 2856 1291 2940; baseline -0.001 -20"><span class='ocrx_word' id='word_1_209' title='bbox 140 2857 295 2936; x_wconf 85' lang='lat' dir='ltr'><strong>defuncti,</strong></span> <span class='ocrx_word' id='word_1_210' title='bbox 318 2857 345 2920; x_wconf 89' lang='lat' dir='ltr'><strong>si</strong></span> <span class='ocrx_word' id='word_1_211' title='bbox 363 2861 410 2920; x_wconf 90' lang='lat' dir='ltr'><strong>est</strong></span> <span class='ocrx_word' id='word_1_212' title='bbox 426 2857 458 2920; x_wconf 90' lang='lat' dir='ltr'><strong>in</strong></span> <span class='ocrx_word' id='word_1_213' title='bbox 476 2857 527 2920; x_wconf 87' lang='lat' dir='ltr'><strong>via</strong></span> <span class='ocrx_word' id='word_1_214' title='bbox 543 2862 575 2920; x_wconf 86' lang='lat' dir='ltr'><strong>et</strong></span> <span class='ocrx_word' id='word_1_215' title='bbox 590 2878 655 2940; x_wconf 88' lang='lat' dir='ltr'><strong>spe,</strong></span> <span class='ocrx_word' id='word_1_216' title='bbox 678 2856 828 2934; x_wconf 86' lang='lat' dir='ltr'><strong>salutare,</strong></span> <span class='ocrx_word' id='word_1_217' title='bbox 853 2858 914 2921; x_wconf 91' lang='lat' dir='ltr'><strong>erit</strong></span> <span class='ocrx_word' id='word_1_218' title='bbox 930 2857 1117 2922; x_wconf 88' lang='lat' dir='ltr'><strong>honorabile</strong></span> <span class='ocrx_word' id='word_1_219' title='bbox 1132 2861 1165 2921; x_wconf 90' lang='lat' dir='ltr'><strong>et</strong></span> <span class='ocrx_word' id='word_1_220' title='bbox 1178 2856 1291 2920; x_wconf 88' lang='lat' dir='ltr'><strong>saluti-</strong></span> 
     </span>
     <span class='ocr_line' id='line_1_26' title="bbox 136 2961 1291 3048; baseline 0.002 -25"><span class='ocrx_word' id='word_1_221' title='bbox 136 2961 238 3026; x_wconf 87' lang='lat' dir='ltr'><strong>ferum</strong></span> <span class='ocrx_word' id='word_1_222' title='bbox 263 2962 379 3025; x_wconf 85' lang='lat' dir='ltr'><strong>vestris</strong></span> <span class='ocrx_word' id='word_1_223' title='bbox 411 2963 634 3027; x_wconf 87' lang='lat' dir='ltr'><strong>sincerissimis</strong></span> <span class='ocrx_word' id='word_1_224' title='bbox 657 2962 890 3042; x_wconf 88' lang='lat' dir='ltr'><strong>dilectionibus,</strong></span> <span class='ocrx_word' id='word_1_225' title='bbox 914 2985 992 3048; x_wconf 90' lang='lat' dir='ltr'><strong>quas</strong></span> <span class='ocrx_word' id='word_1_226' title='bbox 1009 2963 1183 3027; x_wconf 88' lang='lat' dir='ltr'><strong>altissimus</strong></span> <span class='ocrx_word' id='word_1_227' title='bbox 1205 2963 1291 3040; x_wconf 79' lang='lat' dir='ltr'><strong>dena,</strong></span> 
     </span>
     <span class='ocr_line' id='line_1_27' title="bbox 139 3067 1291 3153; baseline -0.001 -24"><span class='ocrx_word' id='word_1_228' title='bbox 139 3071 235 3149; x_wconf 91' lang='lat' dir='ltr'><strong>prout</strong></span> <span class='ocrx_word' id='word_1_229' title='bbox 254 3089 312 3150; x_wconf 91' lang='lat' dir='ltr'><strong>ego</strong></span> <span class='ocrx_word' id='word_1_230' title='bbox 328 3067 463 3150; x_wconf 84' lang='lat' dir='ltr'><strong>supplex</strong></span> <span class='ocrx_word' id='word_1_231' title='bbox 481 3089 547 3146; x_wconf 90' lang='lat' dir='ltr'><strong>oro,</strong></span> <span class='ocrx_word' id='word_1_232' title='bbox 572 3068 711 3132; x_wconf 85' lang='lat' dir='ltr'><strong>feliciter</strong></span> <span class='ocrx_word' id='word_1_233' title='bbox 727 3089 912 3133; x_wconf 88' lang='lat' dir='ltr'><strong>conservare</strong></span> <span class='ocrx_word' id='word_1_234' title='bbox 928 3069 1082 3153; x_wconf 86' lang='lat' dir='ltr'><strong>dignetur</strong></span> <span class='ocrx_word' id='word_1_235' title='bbox 1104 3089 1189 3133; x_wconf 89' lang='lat' dir='ltr'><strong>nunc</strong></span> <span class='ocrx_word' id='word_1_236' title='bbox 1211 3067 1291 3132; x_wconf 89' lang='lat' dir='ltr'><strong>etin</strong></span> 
     </span>
     <span class='ocr_line' id='line_1_28' title="bbox 137 3172 1290 3258; baseline 0.001 -23"><span class='ocrx_word' id='word_1_237' title='bbox 137 3193 239 3250; x_wconf 86' lang='lat' dir='ltr'><strong>evum,</strong></span> <span class='ocrx_word' id='word_1_238' title='bbox 271 3172 431 3258; x_wconf 85' lang='lat' dir='ltr'><strong>faciatque</strong></span> <span class='ocrx_word' id='word_1_239' title='bbox 461 3195 518 3237; x_wconf 94' lang='lat' dir='ltr'><strong>nos</strong></span> <span class='ocrx_word' id='word_1_240' title='bbox 541 3174 574 3236; x_wconf 93' lang='lat' dir='ltr'><strong>in</strong></span> <span class='ocrx_word' id='word_1_241' title='bbox 603 3174 790 3238; x_wconf 86' lang='lat' dir='ltr'><strong>execucione</strong></span> <span class='ocrx_word' id='word_1_242' title='bbox 824 3175 1012 3238; x_wconf 87' lang='lat' dir='ltr'><strong>testamenti</strong></span> <span class='ocrx_word' id='word_1_243' title='bbox 1037 3175 1197 3258; x_wconf 89' lang='lat' dir='ltr'><strong>prosperis</strong></span> <span class='ocrx_word' id='word_1_244' title='bbox 1219 3192 1290 3236; x_wconf 90' lang='lat' dir='ltr'><strong>suc-</strong></span> 
     </span>
     <span class='ocr_line' id='line_1_29' title="bbox 139 3277 1291 3363; baseline 0.001 -23"><span class='ocrx_word' id='word_1_245' title='bbox 139 3280 277 3342; x_wconf 88' lang='lat' dir='ltr'><strong>cessibus</strong></span> <span class='ocrx_word' id='word_1_246' title='bbox 298 3277 493 3344; x_wconf 88' lang='lat' dir='ltr'><strong>habundare.</strong></span> <span class='ocrx_word' id='word_1_247' title='bbox 542 3277 654 3343; x_wconf 85' lang='lat' dir='ltr'><strong>Valete</strong></span> <span class='ocrx_word' id='word_1_248' title='bbox 676 3285 709 3343; x_wconf 91' lang='lat' dir='ltr'><strong>et</strong></span> <span class='ocrx_word' id='word_1_249' title='bbox 724 3302 774 3344; x_wconf 90' lang='lat' dir='ltr'><strong>me</strong></span> <span class='ocrx_word' id='word_1_250' title='bbox 789 3284 904 3345; x_wconf 88' lang='lat' dir='ltr'><strong>amate.</strong></span> <span class='ocrx_word' id='word_1_251' title='bbox 952 3279 998 3343; x_wconf 83' lang='lat' dir='ltr'><strong>Ex</strong></span> <span class='ocrx_word' id='word_1_252' title='bbox 1015 3278 1185 3363; x_wconf 89' lang='lat' dir='ltr'><strong>Dillingen</strong></span> <span class='ocrx_word' id='word_1_253' title='bbox 1208 3278 1291 3342; x_wconf 86' lang='lat' dir='ltr'><strong>rice-</strong></span> 
     </span>
     <span class='ocr_line' id='line_1_30' title="bbox 139 3383 909 3466; baseline 0.004 -21"><span class='ocrx_word' id='word_1_254' title='bbox 139 3383 216 3446; x_wconf 86' lang='lat' dir='ltr'><strong>sima</strong></span> <span class='ocrx_word' id='word_1_255' title='bbox 239 3386 329 3447; x_wconf 83' lang='lat' dir='ltr'><strong>sexta</strong></span> <span class='ocrx_word' id='word_1_256' title='bbox 351 3385 468 3448; x_wconf 89' lang='lat' dir='ltr'><strong>mensis</strong></span> <span class='ocrx_word' id='word_1_257' title='bbox 487 3384 571 3466; x_wconf 86' lang='lat' dir='ltr'><strong>juuij</strong></span> <span class='ocrx_word' id='word_1_258' title='bbox 597 3405 680 3448; x_wconf 89' lang='lat' dir='ltr'><strong>anno</strong></span> <span class='ocrx_word' id='word_1_259' title='bbox 704 3389 763 3448; x_wconf 86' lang='lat' dir='ltr'><strong>etc.</strong></span> <span class='ocrx_word' id='word_1_260' title='bbox 790 3383 909 3448; x_wconf 75' lang='lat' dir='ltr'><strong>LXV¹⁰.</strong></span> 
     </span>
    </p>
   </div>
   <div class='ocr_carea' id='block_1_7' title="bbox 613 3638 821 3646">
    <p class='ocr_par' dir='ltr' id='par_1_7' title="bbox 613 3638 821 3646">
     <span class='ocr_line' id='line_1_31' title="bbox 613 3638 821 3646; baseline -0.01 0"><span class='ocrx_word' id='word_1_261' title='bbox 613 3638 821 3646; x_wconf 69' lang='lat'><em>——--—-·——</em></span> 
     </span>
    </p>
   </div>
   <div class='ocr_carea' id='block_1_8' title="bbox 683 3839 731 3910">
    <p class='ocr_par' dir='ltr' id='par_1_8' title="bbox 683 3839 731 3910">
     <span class='ocr_line' id='line_1_32' title="bbox 683 3839 731 3910; baseline 0 0"><span class='ocrx_word' id='word_1_262' title='bbox 683 3839 731 3910; x_wconf 79' lang='lat'><strong>63</strong></span> 
     </span>
    </p>
   </div>
   <div class='ocr_carea' id='block_1_9' title="bbox 138 3976 1292 4343">
    <p class='ocr_par' dir='ltr' id='par_1_9' title="bbox 138 3976 1292 4343">
     <span class='ocr_line' id='line_1_33' title="bbox 138 3976 1290 4076; baseline -0.002 -24"><span class='ocrx_word' id='word_1_263' title='bbox 138 3979 332 4054; x_wconf 86' lang='lat' dir='ltr'><strong>Hermann</strong></span> <span class='ocrx_word' id='word_1_264' title='bbox 353 3979 508 4053; x_wconf 86' lang='lat' dir='ltr'><strong>Schedel</strong></span> <span class='ocrx_word' id='word_1_265' title='bbox 536 4003 585 4052; x_wconf 86' lang='lat' dir='ltr'><strong>an</strong></span> <span class='ocrx_word' id='word_1_266' title='bbox 597 3977 777 4052; x_wconf 87' lang='lat' dir='ltr'><strong>Heinrich</strong></span> <span class='ocrx_word' id='word_1_267' title='bbox 803 3977 891 4050; x_wconf 89' lang='lat' dir='ltr'><strong>Lur.</strong></span> <span class='ocrx_word' id='word_1_268' title='bbox 920 3976 1134 4075; x_wconf 83' lang='lat' dir='ltr'><strong>[Augsburg</strong></span> <span class='ocrx_word' id='word_1_269' title='bbox 1164 3977 1290 4076; x_wconf 63' lang='lat'>1465}</span> 
     </span>
     <span class='ocr_line' id='line_1_34' title="bbox 416 4131 1011 4193; baseline -0.005 -5"><span class='ocrx_word' id='word_1_270' title='bbox 416 4135 481 4192; x_wconf 88' lang='lat' dir='ltr'><strong>clm.</strong></span> <span class='ocrx_word' id='word_1_271' title='bbox 500 4135 586 4190; x_wconf 71' lang='lat'>2484?</span> <span class='ocrx_word' id='word_1_272' title='bbox 605 4136 625 4193; x_wconf 88' lang='lat' dir='ltr'><strong>f.</strong></span> <span class='ocrx_word' id='word_1_273' title='bbox 644 4132 805 4190; x_wconf 57' lang='lat' dir='ltr'><strong>rol-rori.</strong></span> <span class='ocrx_word' id='word_1_274' title='bbox 842 4131 1011 4188; x_wconf 71' lang='lat' dir='ltr'><strong>Abschrift2.</strong></span> 
     </span>
     <span class='ocr_line' id='line_1_35' title="bbox 141 4255 1292 4343; baseline -0.002 -21"><span class='ocrx_word' id='word_1_275' title='bbox 141 4257 368 4343; x_wconf 87' lang='lat' dir='ltr'><strong>Bespricht</strong></span> <span class='ocrx_word' id='word_1_276' title='bbox 405 4260 483 4323; x_wconf 88' lang='lat' dir='ltr'><strong>den</strong></span> <span class='ocrx_word' id='word_1_277' title='bbox 519 4257 632 4322; x_wconf 88' lang='lat' dir='ltr'><strong>brief</strong></span> <span class='ocrx_word' id='word_1_278' title='bbox 664 4257 767 4321; x_wconf 66' lang='lat' dir='ltr'><strong>[aurs</strong></span> <span class='ocrx_word' id='word_1_279' title='bbox 801 4278 852 4320; x_wconf 88' lang='lat' dir='ltr'><strong>an</strong></span> <span class='ocrx_word' id='word_1_280' title='bbox 887 4257 1044 4322; x_wconf 78' lang='lat' dir='ltr'><strong>Gessel.</strong></span> <span class='ocrx_word' id='word_1_281' title='bbox 1107 4255 1187 4320; x_wconf 87' lang='lat' dir='ltr'><strong>Lob</strong></span> <span class='ocrx_word' id='word_1_282' title='bbox 1223 4257 1292 4320; x_wconf 93' lang='lat' dir='ltr'><strong>der</strong></span> 
     </span>
    </p>
   </div>
   <div class='ocr_carea' id='block_1_10' title="bbox 140 4389 1292 4678">
    <p class='ocr_par' dir='ltr' id='par_1_10' title="bbox 140 4389 1292 4678">
     <span class='ocr_line' id='line_1_36' title="bbox 207 4389 1290 4520; baseline -0.004 -15"><span class='ocrx_word' id='word_1_283' title='bbox 207 4449 303 4506; x_wconf 88' lang='lat' dir='ltr'><strong>lVon</strong></span> <span class='ocrx_word' id='word_1_284' title='bbox 324 4467 410 4520; x_wconf 81' lang='lat' dir='ltr'><strong>›que‹</strong></span> <span class='ocrx_word' id='word_1_285' title='bbox 445 4449 487 4503; x_wconf 91' lang='lat' dir='ltr'><strong>bis</strong></span> <span class='ocrx_word' id='word_1_286' title='bbox 507 4389 753 4517; x_wconf 59' lang='lat' dir='ltr'><strong>›Dillingen‹*am</strong></span> <span class='ocrx_word' id='word_1_287' title='bbox 772 4448 875 4510; x_wconf 88' lang='lat' dir='ltr'><strong>rande,</strong></span> <span class='ocrx_word' id='word_1_288' title='bbox 905 4465 967 4501; x_wconf 82' lang='lat' dir='ltr'><strong>uum</strong></span> <span class='ocrx_word' id='word_1_289' title='bbox 995 4447 1046 4501; x_wconf 86' lang='lat' dir='ltr'><strong>teil</strong></span> <span class='ocrx_word' id='word_1_290' title='bbox 1066 4445 1290 4516; x_wconf 83' lang='lat' dir='ltr'><strong>abgcschnitten.</strong></span> 
     </span>
     <span class='ocr_line' id='line_1_37' title="bbox 140 4534 1292 4610; baseline 0 -21"><span class='ocrx_word' id='word_1_291' title='bbox 140 4538 155 4589; x_wconf 84' lang='lat'><strong>2</strong></span> <span class='ocrx_word' id='word_1_292' title='bbox 169 4539 289 4610; x_wconf 82' lang='lat' dir='ltr'><strong>Ooocept</strong></span> <span class='ocrx_word' id='word_1_293' title='bbox 300 4536 429 4592; x_wconf 83' lang='lat' dir='ltr'><strong>Schadels</strong></span> <span class='ocrx_word' id='word_1_294' title='bbox 442 4537 505 4591; x_wconf 88' lang='lat' dir='ltr'><strong>clm.</strong></span> <span class='ocrx_word' id='word_1_295' title='bbox 520 4538 569 4590; x_wconf 80' lang='lat'><strong>224</strong></span> <span class='ocrx_word' id='word_1_296' title='bbox 583 4534 746 4590; x_wconf 71' lang='lat' dir='ltr'><strong>blaesum</strong></span> <span class='ocrx_word' id='word_1_297' title='bbox 761 4537 811 4589; x_wconf 83' lang='grc'><strong>302</strong></span> <span class='ocrx_word' id='word_1_298' title='bbox 830 4535 1139 4604; x_wconf 75' lang='lat' dir='ltr'><strong>[zusammengehbrigl.</strong></span> <span class='ocrx_word' id='word_1_299' title='bbox 1165 4535 1292 4604; x_wconf 74' lang='lat' dir='ltr'><strong>hasauge</strong></span> 
     </span>
     <span class='ocr_line' id='line_1_38' title="bbox 1043 4623 1082 4678; baseline 0 -24"><span class='ocrx_word' id='word_1_300' title='bbox 1043 4623 1082 4678; x_wconf 70' lang='lat'><strong>9*</strong></span> 
     </span>
    </p>
   </div>
   <div class='ocr_carea' id='block_1_11' title="bbox 0 0 1556 5244">
    <p class='ocr_par' dir='ltr' id='par_1_11' title="bbox 0 0 1556 5244">
     <span class='ocr_line' id='line_1_39' title="bbox 0 0 1556 5244; baseline 0 0"><span class='ocrx_word' id='word_1_301' title='bbox 0 0 1556 5244; x_wconf 95' lang='lat' dir='ltr'><strong> </strong></span> 
     </span>
    </p>
   </div>
  </div>
 </body>
</html>
