3092 5244
680 445 742 512 103

680 689 741 763 49.

133 825 330 899 Hermann
358 823 513 898 Schedel
553 846 601 896 an
631 822 845 896 Hartmann
884 821 1049 896 Schedel.
1087 819 1288 916 Augsburg

552 946 648 1018 1463
678 957 781 1018 mara
811 945 870 1020 22.

242 1075 304 1130 olm.
323 1074 376 1129 224
394 1074 414 1128 f.
433 1074 485 1130 208
504 1074 622 1145 einlage.
658 1072 839 1142 Reinschrift,
855 1074 924 1129 aber
942 1073 1016 1130 ohne
1034 1071 1144 1128 adressa
1157 1071 1173 1125 ¹.

133 1201 309 1268 Siehart
331 1199 417 1264 ihm
439 1199 560 1264 seine
582 1202 929 1282 unterstfltaung
965 1196 1079 1262 beim
1101 1201 1288 1280 patruus

162 1304 331 1370 Marcus
354 1325 417 1383 au,
441 1305 540 1369 dass
563 1325 605 1369 er
629 1305 738 1370 nach
762 1302 927 1369 ltalien
950 1302 1091 1388 geben
1113 1301 1258 1366 ktinne.

221 1461 260 1528 Se
283 1467 390 1529 totum
404 1462 547 1546 plurima
569 1483 641 1526 cum
663 1461 778 1538 salute,
802 1465 917 1544 patrue
939 1461 1108 1526 carissime.
1155 1459 1288 1525 Reddite

133 1570 209 1632 sunt
233 1566 311 1632 mihi
342 1566 435 1631 litere
457 1572 512 1633 tue
534 1565 732 1643 suavissime,
755 1586 833 1650 quas
857 1563 995 1630 libenter
1021 1566 1129 1648 accepi
1151 1562 1287 1647 diligen·

132 1673 317 1758 tissimeque
333 1671 467 1756 perlegi.
514 1670 652 1750 Gaudeo,
665 1668 925 1752 Nurembergam
942 1673 975 1735 te
990 1669 1111 1736 salvum
1129 1668 1252 1734 venisse
1264 1665 1289 1747 ¹,

131 1800 168 1843 eo
197 1777 367 1862 presertim
396 1782 558 1861 tempore,
585 1797 648 1862 quo
674 1775 774 1860 pestis
797 1775 868 1860 ipsa
890 1775 1029 1841 desevire
1051 1774 1189 1839 desierit.
1223 1773 1288 1839 Ro·

132 1883 207 1968 gas‘,
242 1905 293 1948 me
315 1903 411 1966 snper
433 1881 518 1947 festo
552 1882 742 1949 ostensionis
774 1880 984 1966 reliquiarum
1017 1878 1112 1967 [april
1138 1878 1194 1965 22]
1218 1877 1287 1944 Nu·

131 1987 332 2070 rembergarn
366 1991 483 2070 petere.
540 1987 690 2054 Gererem
723 2008 846 2052 morem
868 1989 923 2052 tue
945 1986 1080 2064 sudati,
1115 1985 1177 2051 nisi
1200 1985 1288 2051 varia

131 2098 209 2158 tnnc
240 2093 459 2157 incumbencia
489 2114 540 2158 me
573 2091 781 2158 retraherent.
840 2090 980 2176 Tempus
1009 2111 1147 2176 namque
1178 2090 1287 2169 instat,

131 2219 193 2283 qno
232 2197 340 2282 plures
379 2201 455 2262 tunc
495 2199 534 2264 ad
579 2198 767 2264 sumendum
814 2196 985 2263 medicinas
1031 2219 1064 2262 se
1103 2196 1287 2280 disponunt,

131 2324 225 2368 causa
248 2303 497 2386 preservacionis
529 2304 689 2369 amorbis
725 2304 852 2371 futuris.
899 2302 1076 2368 Prohibent
1099 2303 1199 2368 eciam
1222 2301 1286 2366 dis·

130 2408 269 2472 crimina
291 2407 414 2472 viarum
437 2407 684 2494 circumquaque
706 2409 961 2494 perstrepencia,
998 2429 1097 2494 quare
1119 2429 1169 2472 me
1192 2427 1286 2472 excu-

132 2517 237 2578 satum
254 2513 370 2578 habeas
385 2515 501 2579 obnixe
516 2536 581 2580 oro.
612 2513 800 2595 Gauderem,
816 2522 922 2581 tecum
938 2513 1100 2592 constitui,
1115 2533 1287 2596 sperarem,

130 2623 246 2683 cuncta
269 2619 301 2682 in
326 2620 441 2684 bonum
466 2619 613 2685 ordinare
637 2625 669 2684 ct
693 2621 864 2700 duriciam,
895 2642 989 2706 quam
1012 2618 1120 2684 forsan
1151 2620 1286 2701 patruus

131 2721 267 2789 noster⁸
291 2728 398 2790 tecum
420 2745 514 2808 agere
537 2725 709 2809 pretendit,
732 2729 769 2790 ut
792 2725 914 2802 scribis,
937 2724 1047 2790 lenire.
1096 2719 1178 2801 Scio,
1202 2721 1284 2807 quod

133 2829 231 2894 durus
257 2833 359 2894 estet
382 2851 519 2914 grossus.
567 2829 668 2896 Flecti
691 2835 799 2895 tamen
823 2831 953 2914 poterit,
977 2851 1051 2895 nam
1076 2827 1198 2893 sororio
1216 2846 1285 2892 meo

132 2955 198 2999 rem
222 2935 325 3017 ipsam
349 2935 477 3020 scriptis
498 2936 578 3001 meis
600 2935 760 3015 commisi,
793 2935 833 3000 ad
856 2957 952 3020 quem
975 2932 1135 3016 refugium
1158 2931 1284 2996 habeas.

132 3039 338 3124 Propositum
362 3045 467 3106 tamen
492 3047 583 3107 tuum
600 3041 877 3128 qualitercumque
894 3040 1035 3106 intrandi
1049 3037 1192 3104 Ytaliam
1210 3058 1285 3121 pro·

132 3147 221 3231 sequi
245 3145 356 3212 hortor
387 3150 420 3210 et
441 3147 581 3227 consulo,
606 3151 638 3213 et
660 3152 697 3212 nt
720 3148 758 3213 ad
782 3171 832 3213 nne
855 3148 964 3212 venire
996 3145 1132 3211 valisin
1156 3143 1284 3211 tuoin-

133 3271 244 3334 gressu
267 3249 382 3315 obnixe
405 3271 493 3334 rogo.
539 3250 681 3316 Habebis
712 3253 890 3318 adnutum
922 3251 1104 3318 comitivam
1126 3251 1188 3316 hnc
1210 3271 1285 3334 pro·

131 3355 229 3419 fioisci
258 3375 331 3419 curn
354 3355 592 3436 mercatoribus,
622 3358 677 3440 qui
700 3357 811 3421 dietim
841 3355 1103 3438 aNuremberga
1138 3354 1283 3419 veniunt.

131 3459 330 3526 Scrutinium
345 3465 496 3544 patruum
513 3466 659 3526 nostrum
674 3467 731 3526 ant
746 3462 904 3527 sororium
916 3465 953 3526 ut
969 3459 1117 3537 babeant,
1134 3456 1283 3522 sollicito.

133 3564 336 3650 Quacumque
359 3572 462 3630 tecum
486 3564 712 3631 deliberaveris
735 3567 892 3645 facienda,
915 3565 980 3630 tuis
1007 3585 1057 3628 me
1073 3562 1201 3646 scriptis
1217 3583 1284 3626 cer-

133 3676 201 3734 tum
226 3670 319 3735 redde
343 3675 375 3736 et
400 3691 459 3753 ego
482 3660 630 3752 vicissim,
654 3695 715 3758 que
738 3673 817 3738 mihi
841 3674 946 3738 facere
971 3670 1178 3749 videbuntur,
1210 3689 1283 3734 con-

131 3775 204 3842 silio
227 3776 361 3856 meliori,
385 3801 447 3865 qno
472 3783 592 3863 potero,
615 3781 820 3863 respondebo.
854 3777 932 3843 Vale
947 3775 1097 3842 feliciter.
1152 3773 1283 3858 Raptim

132 3861 287 3948 vblo'c'i'ltdf
300 3886 433 3968 propter
448 3884 649 3968 inopinatum
661 3885 738 3950 satis
749 3905 904 3951 recessum
929 3881 1087 3968 presentis
1103 3879 1284 3956 ostensuris,

132 4010 227 4072 quem
250 3986 310 4053 tibi
334 3990 544 4065 recommitto,
568 3990 601 4054 in
624 3989 692 4054 suis
707 3990 840 4074 agendis
855 3994 948 4054 tuum
973 3986 1205 4054 communicare
1227 4005 1282 4047 au·

132 4093 244 4158 xillum
260 4095 339 4159 velis
350 4095 496 4178 apprime
512 4115 599 4178 rogo.
648 4094 765 4160 Extitit
780 4094 921 4160 famulus
940 4114 1028 4158 mens
1044 4114 1102 4177 per
1118 4087 1282 4155 biennium

211 4271 224 4324 l
250 4269 343 4324 Erstcs
370 4272 486 4339 concept
509 4208 742 4324 Hermannsbuf
765 4270 784 4322 f.
809 4268 882 4324 asub.
933 4266 1107 4324 Formelhaft
1142 4265 1284 4335 augericb'·

133 4357 188 4412 tete
215 4356 352 4412 abachrift
371 4357 532 4412 Hartmann
552 4355 680 4411 Schedels
707 4357 779 4412 ohne
798 4355 897 4409 datum
925 4356 983 4409 und
1010 4352 1193 4408 unterschrift
1219 4353 1283 4408 clm.

132 4443 182 4499 418
191 4445 210 4500 f.
222 4445 282 4500 266.
353 4445 369 4498 2
388 4443 545 4501 Dortvveist
564 4444 614 4498 ihn
632 4443 677 4498 ein
697 4442 964 4498 schreiberrermarlr
976 4461 1038 4497 aum
1053 4441 1097 4496 18.
1108 4446 1184 4496 marn
1204 4442 1282 4498 nach

133 4549 153 4585 s.
172 4531 362 4587 Wattenbeoh
380 4532 398 4585 i.
418 4531 443 4586 d.
464 4530 659 4600 l'orschungen
680 4531 725 4596 Xl,
745 4531 805 4586 363.
877 4531 893 4585 3
913 4529 1034 4586 Marcus.
