3092 5244
780 442 841 507 126

232 619 308 706 quid
331 617 462 702 auxilijs
484 615 686 701 consiliisque
709 616 787 682 meis
809 617 957 701 prodesse
978 616 1040 681 sibi
1066 622 1189 701 potero,
1212 617 1380 704 obligatis·

232 725 347 789 simum
370 746 420 789 me
443 723 584 788 habebit.

321 827 429 894 Unum
451 835 558 893 tamen
581 829 738 893 avisatum
762 833 794 892 te
816 849 883 892 esse
904 828 987 909 volo,
1015 834 1053 893 ut
1075 831 1196 912 pestem
1220 829 1333 911 ipsam,
1355 828 1383 891 si

231 956 393 1019 umquam,
418 937 455 998 ut
479 933 622 1011 timetur,
646 939 725 1017 aput
738 954 794 998 vos
809 933 1026 1014 invalesceret,
1049 933 1129 998 haut
1153 932 1383 1016 floccipendere

232 1039 320 1118 velis,
344 1042 441 1102 cette
460 1059 586 1121 semper
600 1037 747 1120 remedijs
758 1039 926 1121 oportunis
946 1045 978 1104 et
990 1038 1171 1103 efficacibus
1189 1037 1384 1121 premuuire.

231 1141 315 1207 Nam
338 1143 481 1226 quamvis
505 1163 714 1225 sepenumero
737 1143 944 1227 permissione
964 1143 1072 1208 diviua
1094 1143 1162 1222 fiat,
1186 1145 1223 1206 ut
1238 1143 1292 1226 pie
1316 1163 1386 1206 ore-

231 1250 328 1325 ditur,
350 1255 458 1312 tamen
482 1245 585 1312 multa
606 1248 640 1311 in
667 1247 803 1312 arbitrio
825 1247 966 1312 humano
989 1252 1022 1312 et
1045 1248 1079 1312 in
1102 1246 1252 1330 remedijs
1275 1246 1386 1311 effica-

231 1353 330 1432 cibus,
352 1352 444 1417 adeo
461 1352 494 1416 in
510 1353 645 1418 salutem
663 1352 826 1418 homiuum
843 1354 968 1433 creatis,
992 1354 1097 1437 posita
1112 1357 1196 1431 sunt,
1214 1353 1249 1417 in
1269 1352 1387 1436 quibus

231 1459 258 1522 si
280 1480 432 1543 umquam
455 1458 654 1543 negligentes
670 1462 727 1522 eut
747 1459 867 1524 desides
890 1459 1017 1538 erimus,
1040 1459 1078 1522 cd
1095 1457 1303 1541 penalitatem
1327 1457 1384 1521 de·

231 1565 381 1628 ducemur
403 1563 546 1642 indubie,
577 1567 614 1628 ut
633 1563 702 1628 luce
717 1550 843 1642 clarius,
867 1563 942 1628 dum
958 1563 1056 1647 pestis
1073 1569 1151 1647 aput
1167 1584 1224 1627 nos
1237 1559 1388 1648 Auguste

232 1669 345 1754 viguit,
369 1670 402 1733 in
425 1668 587 1753 plerisque
614 1668 739 1732 claruit.
785 1665 921 1733 Nullum
948 1675 1054 1734 tamen
1079 1668 1253 1733 remedium
1276 1667 1386 1732 effica-

232 1774 298 1838 cius
320 1773 398 1858 fuga
422 1773 536 1857 reperi.

321 1877 436 1958 Audio,
462 1883 686 1944 conterraneos
704 1881 828 1942 nostros
845 1877 951 1942 Padue
967 1878 1028 1942 sibi
1044 1878 1178 1942 invicem
1195 1879 1387 1944 contrariari

232 1987 265 2048 et
286 1984 442 2049 eomedias
464 1983 550 2048 iuter
570 2005 604 2048 se
620 1984 653 2047 iu
670 1983 897 2047 detrimentum
919 1982 1044 2062 horum,
1067 2003 1176 2048 eorum
1191 1985 1346 2048 conficere
1361 1983 1386 2049 ¹.

236 2088 345 2153 Laudo
368 2109 498 2153 acumen
537 2088 677 2172 ingeuij,
711 2092 760 2152 set
783 2089 978 2172 emergentia
1007 2088 1154 2153 detestor.
1201 2086 1275 2152 Nou
1298 2089 1385 2152 enim

232 2195 316 2258 idem
336 2214 405 2258 mos
427 2199 506 2277 aput
528 2215 606 2270 uos,
630 2192 725 2258 sicuti
748 2197 828 2276 aput
843 2191 965 2258 Ytalos.
1011 2192 1103 2271 Scio,
1134 2194 1328 2258 Alemanuos
1350 2195 1386 2258 in

233 2299 343 2364 multis
365 2319 430 2363 esse
443 2300 515 2364 odio
528 2299 650 2379 Ytalis,
675 2299 741 2383 qui,
765 2298 841 2362 dum
863 2296 922 2361 hec
937 2297 1015 2361 oriri
1037 2303 1117 2381 aput
1132 2319 1184 2362 eos
1205 2300 1325 2379 vident,
1348 2321 1387 2367 eo

234 2405 335 2489 magis
358 2425 410 2468 eos
434 2404 585 2470 derisioni
609 2405 782 2469 habebunt.
842 2401 878 2467 In
908 2401 1132 2486 Nurembcrga
1163 2403 1221 2469 hec
1253 2406 1389 2470 suborta

233 2530 298 2572 esse
321 2509 424 2587 audio,
448 2508 562 2574 hortor
585 2513 623 2572 ut
646 2515 679 2573 te
701 2531 721 2572 a
743 2507 933 2572 commercio
961 2508 1074 2572 talium
1103 2509 1249 2573 retrahes
1271 2531 1330 2574 nec
1352 2515 1388 2574 te

232 2614 295 2697 hijs
318 2615 449 2698 ingeras
472 2615 578 2692 velim,
605 2615 660 2680 ubi
677 2615 749 2698 plus
764 2614 925 2678 dedecoris
948 2635 1043 2697 quam
1066 2614 1196 2679 honoris
1218 2620 1386 2697 reportare

231 2719 340 2802 possis.
393 2719 504 2786 Solent
531 2720 609 2784 talia
639 2719 794 2784 tenaciter
820 2740 857 2783 ac
886 2719 941 2783 diu
972 2719 1125 2784 memorie
1148 2718 1314 2799 inherere,
1345 2721 1386 2784 ab

231 2827 363 2909 ipsoque
386 2825 559 2890 difficulter
580 2845 724 2890 successu
748 2824 903 2907 temporis
926 2823 1056 2888 aboleri.

776 3141 836 3213 62.

232 3277 411 3353 Heinrich
452 3280 528 3351 Lur
569 3303 618 3352 an
651 3278 807 3352 freunde
846 3304 892 3351 zu
932 3279 1144 3376 Augsburg.
1195 3281 1387 3378 Dillingen

637 3402 735 3476 1465
758 3401 844 3494 juni
879 3404 926 3476 26
944 3401 968 3476 ².

521 3584 586 3638 clm.
605 3585 691 3640 2484?
711 3585 730 3640 f.
750 3585 898 3641 use-261.
936 3587 1087 3642 Abschrift.

321 3706 460 3791 Klage
482 3708 583 3773 iiber
606 3709 682 3773 den
705 3710 776 3775 tod
800 3709 865 3775 des
890 3709 1112 3777 Leochard
1135 3711 1294 3780 Gessel.

322 3847 456 3912 Dilectis
489 3848 694 3930 dolentibus,
726 3851 837 3924 mestis
871 3854 904 3915 et
934 3853 1066 3937 optimis
1095 3853 1294 3918 amatoribus
1315 3854 1385 3920 dive

798 3971 816 4008 *

304 4058 315 4111 l
337 4054 387 4110 Die
404 4053 541 4122 homddie,
560 4055 613 4109 auf
627 4055 672 4111 die
690 4057 750 4112 hier
770 4057 930 4129 angespielt
948 4057 994 4124 ist,
1014 4059 1101 4114 findet
1115 4059 1173 4114 sich
1186 4060 1217 4114 in
1235 4060 1291 4116 den
1304 4061 1385 4116 Sche-

232 4143 364 4198 delschen
382 4142 437 4196 hss.
457 4142 591 4207 zweimal,
614 4144 677 4198 clm.
703 4145 755 4200 369
775 4145 831 4200 und
850 4145 909 4200 650.
947 4146 991 4201 Sic
1009 4146 1047 4200 ist
1071 4147 1144 4202 nach
1168 4147 1262 4204 diesen
1281 4149 1386 4204 zuletct

231 4231 458 4301 herausgegaben
477 4248 503 4284 v.
515 4230 595 4287 Bolte
614 4233 631 4286 i.
643 4232 670 4286 d.
681 4233 812 4288 Ztsehrft
831 4235 850 4288 f.
871 4234 958 4303 vergl
972 4234 1224 4306 Litteraturgesoh.
1242 4255 1270 4291 u.
1284 4237 1387 4292 Cultur

230 4319 256 4372 d.
278 4317 464 4374 &naimarus
482 4317 516 4372 N.
534 4317 564 4374 l'.
575 4320 594 4382 1,
614 4319 728 4374 77-84.
767 4319 848 4376 Scine
866 4323 1036 4391 vermutung
1055 4323 1122 4377 fiber
1140 4323 1186 4379 die
1204 4325 1385 4395 abfassuugs·

231 4405 286 4460 aeit
304 4405 374 4460 wird
392 4405 479 4460 durch
499 4422 596 4462 uasere
626 4407 711 4462 stelle
728 4407 876 4477 bestbtigt.
983 4411 1000 4462 2
1018 4409 1069 4464 Die
1091 4409 1255 4468 adressaten
1273 4413 1385 4470 werden

232 4495 326 4561 speter
345 4491 454 4547 einzeln
473 4496 609 4562 genennt.
647 4494 692 4548 Sie
709 4495 780 4558 aiud,
802 4495 853 4550 wie
866 4494 912 4552 die
925 4497 1099 4567 erwthuung
1112 4497 1160 4554 des
1177 4497 1383 4578 verheiratsten
