3106 5252
691 484 733 546 53

141 658 270 736 decrevi,
294 680 426 742 quorum
459 663 492 724 εὴ
514 661 539 722 si
571 660 665 744 longe
695 663 769 724 ante
793 659 914 743 copiam
940 660 1115 737 habuistis,
1148 659 1289 723 animum

143 784 215 847 erga
237 783 290 828 vos
313 785 419 828 meum
441 766 562 848 pocius,
588 787 683 850 quam
707 765 792 830 hunc
809 765 923 830 exilem
939 765 1086 829 effectum
1111 765 1287 848 ponderare

141 887 259 931 necesse
281 873 337 932 est.
384 867 462 933 Cum
494 870 577 933 enim
600 870 723 935 dicendi
746 876 861 951 artem,
895 892 958 954 qua
989 890 1048 953 pro
1071 869 1230 951 dignitate
1252 889 1289 931 ac

142 974 224 1036 statu
247 994 380 1055 persone
403 977 507 1038 vestre
531 974 676 1039 laudibus
700 996 756 1040 vos
779 975 917 1053 efferam,
942 975 1036 1058 longe
1060 972 1157 1038 michi
1181 972 1289 1036 abesse

141 1079 349 1159 cognoverim,
375 1079 457 1143 hanc
481 1080 789 1144 demonstracionem
813 1079 1003 1163 politissime
1019 1078 1226 1160 compositam
1250 1077 1289 1140 ad

142 1201 193 1244 ros
216 1183 434 1265 perferendam
459 1185 568 1260 statui,
593 1207 656 1270 qua
679 1190 711 1250 et
733 1185 918 1251 facultatem
942 1189 1077 1249 vestram
1102 1187 1134 1246 ct
1156 1203 1211 1247 vos
1235 1203 1291 1265 per

141 1307 205 1348 earn
229 1287 290 1352 hoc
321 1292 465 1372 tempore
488 1290 742 1355 commendatum
767 1291 924 1374 relinquo.
978 1289 1020 1354 Et
1052 1311 1092 1353 ne
1114 1309 1169 1352 vos
1192 1287 1289 1351 alcio-

138 1389 222 1452 ribus
254 1391 396 1457 deditum
433 1394 493 1459 hac
524 1395 658 1459 barbara
689 1395 856 1460 literarum
887 1395 1034 1478 congerie
1075 1393 1202 1479 longius
1233 1392 1289 1457 ob·

138 1495 275 1575 tundam,
300 1497 396 1561 finem
423 1498 527 1564 facere
550 1500 688 1578 institui,
712 1501 738 1563 si
764 1501 795 1564 id
818 1521 873 1564 vos
897 1499 986 1583 prius
1008 1519 1187 1572 amonuero‚
1212 1518 1289 1582 qua-

137 1598 221 1662 tinus
245 1599 332 1666 huno
349 1624 397 1666 me
422 1625 498 1688 erga
520 1625 574 1668 vos
598 1609 629 1668 et
651 1605 732 1668 scire
756 1612 787 1669 et
811 1625 1001 1688 cognoscere
1030 1602 1154 1681 velitis,
1179 1603 1234 1685 qui
1258 1603 1290 1665 in

140 1703 209 1787 hijs,
233 1727 296 1790 que
320 1709 409 1772 vobis
432 1715 534 1792 grata,
559 1729 619 1792 que
641 1711 771 1793 accepta
793 1708 949 1793 utiliaque
973 1729 1161 1792 cognovero,
1189 1706 1290 1771 nichil

142 1830 292 1894 uniquam
316 1812 416 1890 ardui,
441 1812 563 1877 nullum
588 1812 741 1895 periculi,
774 1813 898 1876 nullum
931 1813 1052 1877 laboris
1075 1816 1130 1876 aut
1153 1811 1289 1875 difficul-

135 1913 207 1976 tatis
229 1935 332 1998 genus
354 1917 538 1993 recussabo,
572 1921 670 2001 atquc
699 1917 804 1981 valere
837 1939 891 1982 vos
914 1921 990 2001 opto
1013 1921 1046 1981 et
1067 1916 1165 1981 valeo.
1213 1914 1290 1980 Rev.

135 2019 406 2105 ornatissimisque
439 2022 517 2086 viris
540 2023 568 2086 d.
586 2022 703 2086 decano
724 2028 757 2086 et
778 2023 900 2086 custodi
926 2023 1054 2089 maioris
1077 2022 1206 2087 ecclesie
1224 2021 1288 2084 Au·

136 2125 293 2204 guatensis
309 2123 339 2200 ¹,
376 2126 511 2190 dominis
537 2128 615 2190 meis
646 2127 940 2192 observandissimis
963 2127 1175 2192 omnimodam
1199 2127 1289 2190 ohse-

136 2231 247 2312 queudi
273 2230 472 2296 voluntatem
498 2254 537 2295 ex
559 2255 618 2311 me,
643 2253 749 2317 queso,
774 2232 869 2298 dicite
892 2236 988 2317 atque
1005 2256 1055 2297 me
1070 2233 1150 2316 ipsis
1167 2252 1287 2295 recom-

135 2336 316 2400 mendatum
350 2337 454 2400 facito.
503 2336 635 2401 Etcum
660 2340 785 2400 tantum
809 2336 868 2420 ocij
895 2339 1002 2402 datum
1034 2338 1145 2414 fuerit,
1177 2357 1289 2419 parurn

134 2438 298 2504 literarum
320 2441 357 2504 ad
383 2462 433 2504 me
461 2441 535 2504 dare
557 2440 678 2520 velitis,
702 2441 817 2525 quibus
841 2443 958 2505 certior
981 2441 1050 2506 fieri
1073 2441 1201 2526 possim,
1226 2461 1289 2524 quo

133 2548 224 2626 pacto
248 2545 432 2629 principum
450 2546 648 2629 superiorum
667 2544 679 2582 ²
702 2546 916 2610 controversia
931 2551 1044 2630 pacata
1059 2549 1111 2612 sit.
1158 2545 1289 2628 Raptim

133 2672 170 2713 ex
187 2647 328 2714 Wienna
351 2651 420 2732 ipsa
443 2651 493 2714 die
511 2649 699 2735 Magdalene
721 2671 805 2714 anno
829 2655 887 2715 etc.
907 2649 1051 2715 LV11110.
1098 2649 1289 2714 Valentinus

133 2755 213 2819 Eber
235 2755 432 2820 licentiatus,
486 2753 533 2841 [ln
557 2753 659 2841 verso]
685 2753 896 2820 Ornatissinro
919 2755 1075 2838 doctoque
1106 2755 1175 2818 viro
1205 2753 1289 2818 Her·

132 2882 246 2925 manno
265 2908 273 2924 .
290 2909 297 2924 .
314 2860 432 2924 arcium
465 2865 498 2923 et
529 2861 684 2924 medicine
714 2859 836 2924 doctori
867 2859 1038 2943 premerito
1065 2859 1208 2942 Auguste
1234 2858 1286 2922 de-

131 2966 219 3047 genti
241 2965 371 3029 domino
393 2965 455 3030 sibi
478 2965 652 3048 plurimum
680 2965 886 3029 observando.

685 3139 744 3213 Q

131 3263 1030 3336 Hammnsmmaanflmmamsmma
1084 3263 1285 3357 Ameg

561 3385 852 3460 Mwmffi

393 3505 456 3558 clm.
475 3504 526 3558 418
545 3504 564 3558 f.
583 3504 656 3560 2601).
683 3503 826 3557 Abschrift
845 3502 1026 3559 Hartmanns.

134 3609 463 3676 Gliickwunsch
505 3634 580 3675 zur
618 3610 995 3694 magisterwitrde.
1064 3609 1144 3673 Rat
1181 3611 1289 3674 nach

132 3717 306 3782 italien
338 3741 385 3781 zu
417 3717 567 3802 gehen.
621 3716 884 3782 Nachricht
912 3737 1001 3780 vom
1025 3715 1289 3779 todeseines

626 3827 792 3886 vaters.

223 3962 365 4027 Caritate
394 3963 515 4027 sincera
546 3961 720 4046 premissa,
755 3963 869 4044 patrue
901 3960 1134 4024 amantissime!
1172 3959 1288 4042 Accepi

133 4070 352 4154 superioribus
377 4069 486 4134 dicbus
507 4067 667 4160 relacione
698 4066 895 4151 quorundam
911 4066 1109 4131 studencium
1128 4063 1286 4152 L[ipsien·

700 4173 719 4208 ‘d-

130 4243 169 4297 cic
201 4245 232 4297 et
255 4241 403 4312 presertim
432 4241 580 4305 medicine;
611 4239 668 4294 und
698 4237 789 4294 auden
815 4239 867 4293 aul
888 4238 952 4294 dem
981 4239 1086 4293 letaten
1115 4237 1208 4291 blatt:
1236 4237 1289 4292 Pro

131 4329 292 4402 m[agistro]
311 4329 474 4385 Hermanno
493 4327 599 4384 arcium
617 4330 646 4382 et
664 4326 800 4382 medicine
818 4327 926 4383 doctori
944 4328 995 4381 etc.
1015 4326 1045 4380 in
1063 4328 1201 4396 Augusta.

206 4421 218 4472 l
240 4417 387 4474 Leonhard
408 4416 503 4472 Gessel
522 4415 580 4470 und
599 4415 742 4471 lohannes
759 4413 884 4469 Kautsch
903 4431 926 4468 s.
940 4431 963 4470 0.
983 4431 1025 4469 nr.
1047 4415 1086 4468 16.
1141 4414 1157 4466 2
1177 4412 1289 4468 Bczieht

129 4506 187 4562 sich
222 4505 275 4561 aui
301 4507 356 4560 den
381 4506 432 4575 tag
459 4522 493 4558 au
512 4503 681 4573 Nfirnberg,
709 4502 759 4556 der
785 4501 873 4556 durch
901 4501 955 4556 den
975 4501 1137 4556 bekanntcn
1156 4501 1289 4556 »blindeu

128 4595 248 4665 spruoh‹
269 4593 404 4665 geendigt
422 4592 525 4658 wurdc,
544 4611 564 4650 s.
586 4591 758 4655 Kluclrhohn‚
779 4591 895 4660 Ludwig
913 4590 962 4646 der
982 4587 1084 4644 Rciche
1103 4590 1154 4645 104
1172 4588 1201 4643 ff.
