3106 5246
802 433 865 501 146

259 608 402 693 coperia,
436 630 508 673 nam
546 613 581 674 nt
614 611 721 696 inquit
756 609 952 698 A[viccnna]
981 613 1014 676 4·
1037 609 1131 698 l[en]i
1165 611 1341 698 c[apitnl0]
1376 619 1411 678 l:

261 713 323 778 »Et
346 735 384 778 ex
408 715 467 791 616,
492 736 553 798 que
577 713 651 781 huic
673 717 766 782 modo
789 717 1008 782 medicaeionis
1030 723 1106 782 sunt
1128 719 1321 803 propinqua,
1345 723 1409 782 est«

259 822 318 883 etc.
340 819 373 896 ¹,
405 818 481 903 quia
513 821 684 886 secundum
709 823 921 888 mutacionem
945 825 1025 888 66616
1058 828 1090 888 61
1121 823 1262 905 regionis
1294 825 1415 888 mutari

258 925 422 989 consucvit
447 929 478 990 et
510 925 648 991 influxus
672 928 814 1006 celestia,
844 928 899 1012 qui
921 932 1086 1013 tamquam
1109 949 1203 993 causa
1226 928 1416 1012 principalia

257 1029 315 1096 hec
336 1030 453 1094 alterat
484 1029 637 1094 inferiora
670 1037 726 1096 etc.
787 1032 883 1098 Recte
907 1033 1008 1118 igitur
1038 1033 1118 1099 facis
1149 1039 1181 1098 et
1204 1034 1298 1098 laudo
1324 1034 1416 1097 iuxta

257 1139 505 1219 preconceptum
529 1157 661 1220 operose
684 1139 846 1225 prosequi.

347 1241 394 1306 De
415 1246 505 1307 atatu
527 1241 636 1306 statim
661 1243 806 1308 habendo
830 1244 960 1309 difficile
978 1245 1048 1311 erit.
1087 1243 1197 1308 Habui
1221 1243 1414 1308 scrutinium

256 1347 393 1430 diligens
409 1347 573 1426 hactenus,
596 1369 661 1428 nee,
686 1349 760 1414 dum
778 1349 860 1414 lares
876 1353 1028 1434 paternos
1044 1350 1175 1434 patiaris
1191 1353 1224 1414 et
1238 1348 1413 1434 aliqualem

256 1451 407 1519 noticiam
441 1457 474 1517 et
508 1452 628 1518 famam
660 1454 694 1518 in
718 1455 837 1538 populo
860 1456 1054 1540 acquisierim
1087 1456 1119 1518 in
1152 1455 1220 1518 6166
1243 1452 1331 1518 fama
1355 1475 1416 1538 per

255 1564 358 1623 terras
381 1557 485 1622 varias
510 1558 669 1639 volitabit,
694 1581 755 1645 que
778 1560 904 1625 facilem
931 1561 991 1624 tibi
1009 1559 1188 1646 prebebunt
1208 1558 1331 1622 aditum
1346 1563 1415 1620 sta-

257 1669 308 1727 tus
331 1662 535 1745 adipiscendi.
592 1663 659 1730 Nec
693 1665 798 1729 minus
832 1666 990 1751 vigilabo,
1027 1664 1176 1749 qnoniam
1201 1685 1326 1747 semper
1351 1664 1414 1726 tibi

256 1769 435 1851 morigerus
458 1790 530 1849 erc,
555 1791 616 1855 que
639 1768 819 1854 profectum
846 1770 1063 1855 honoremque
1085 1774 1178 1834 tuum
1204 1771 1415 1833 concernunt.

256 1872 448 1938 Catervatim
474 1874 535 1938 huc
558 1875 591 1937 in
614 1875 664 1939 die
687 1876 831 1940 doctores
853 1877 1008 1942 medicine
1030 1874 1207 1940 confluunt.

341 1979 413 2064 Ipso
436 1979 487 2043 die
509 1977 590 2044 feria
613 1983 646 2046 3·
669 1987 741 2065 post
765 1981 912 2046 estomihi
940 1981 1034 2046 1466.

728 2159 794 2164 ....-...
798 2159 820 2163 --
825 2159 936 2166 ⁴--1----—--

805 2305 865 2378 67.

253 2460 450 2534 Hermann
487 2460 642 2536 Schedel
688 2485 736 2534 66
778 2461 991 2533 Hartmann
1033 2461 1199 2534 Schedcl.
1272 2464 1408 2557 [Auga-

622 2585 717 2678 burg
752 2584 849 2656 1466
874 2585 959 2677 juni
987 2585 1039 2679 ffi]

618 2738 790 2796 6666641.
811 2739 872 2793 272.
909 2739 1039 2808 eonoept.

253 2863 565 2965 Glntiolrwunsch
588 2886 659 2928 zur
683 2864 925 2950 erlangung
949 2864 1016 2928 666
1040 2861 1300 2928 6611666161.
1337 2863 1410 2927 Be·

253 2968 1410 3054 dauert‚dassHartmannnichtnachAugaburgge-

348 3073 626 3138 kommenaei.
673 3073 1310 3160 lllagenr'iberseinemutter.

339 3211 480 3277 Salutem
503 3213 675 3296 plurimam
699 3212 785 3280 dicit.
839 3213 957 3278 Patrue
988 3213 1206 3278 amantissime
1228 3234 1265 3277 ae
1292 3214 1409 3277 doctor

251 3317 462 3382 celeberrime.
518 3318 643 3384 Literna
678 3324 749 3384 tuas
783 3320 965 3384 iamdudum
999 3321 1196 3403 exspectatas
1219 3318 1324 3401 pridie
1349 3339 1411 3401 per

249 3423 404 3489 sororium
428 3446 533 3490 meum
557 3423 778 3490 Hermannum
801 3448 895 3510 quam
926 3426 1113 3508 voluptuose
1138 3445 1188 3488 me
1210 3423 1291 3488 scias
1316 3445 1409 3488 acce-

250 3528 342 3612 pisse.
390 3529 559 3594 Infandum
583 3536 650 3610 est,
684 3553 780 3615 qnam
804 3529 985 3614 gratissime
1008 3528 1210 3606 miniscere,
1233 3529 1409 3611 presertim

250 3633 324 3698 dum
339 3637 372 3698 te
387 3634 470 3699 lares
486 3637 608 3720 patrios
625 3673 663 3683 -
684 3657 746 3721 quo
762 3635 809 3699 nil
825 3635 952 3700 suavius
974 3673 1007 3682 -
1027 3633 1148 3698 salvum
1166 3655 1307 3712 cernere,
1331 3655 1408 3716 pre-

249 3738 370 3803 clarum
400 3739 539 3820 honora,
574 3741 833 3806 iocundissimum
868 3741 1003 3825 denique
1033 3761 1103 3805 cum
1134 3738 1347 3822 amplitudine
1370 3745 1407 3803 ct

249 3843 408 3926 dignitate
423 3847 605 3909 doctoratus
622 3845 788 3930 reperijsse
807 3844 1032 3908 intellexerim.
1070 3840 1260 3926 Pergratum
1277 3840 1407 3922 fuisset,

245 3953 278 4012 te
301 3970 339 4012 ex
365 3948 525 4032 Insprnck
548 3972 618 4016 cum
653 3951 774 4016 civibus
809 3950 926 4014 nostris
952 3949 1132 4032 Augustam
1164 3947 1362 4031 applicuiaic
1380 3947 1408 4029 ⁸,

817 4080 836 4117 61

319 4169 331 4220 l
353 4183 389 4223 66.
408 4167 531 4225 mutatio
549 4167 584 4224 dc
600 4170 684 4232 terra,
704 4168 740 4222 ad
759 4170 873 4232 terram,
893 4167 927 4222 66
945 4172 1010 4222 aere
1028 4166 1065 4222 66
1084 4169 1185 4230 aeram,
1204 4181 1226 4220 s.
1245 4163 1403 4230 66166666,

247 4255 431 4310 1166661166
450 4259 479 4311 4·
490 4273 551 4328 cap.
567 4260 590 4312 l.
654 4257 670 4310 2
690 4257 850 4311 Hartmann
869 4256 964 4310 wurde
985 4273 1033 4310 am
1056 4256 1098 4310 17.
1119 4253 1192 4324 april
1212 4253 1281 4309 1466
1300 4253 1406 4310 doktor

248 4359 268 4394 6.
283 4343 475 4399 wattenbach
492 4344 511 4399 i.
530 4345 558 4399 d.
570 4345 765 4414 Forschungen
785 4344 832 4409 xl,
851 4345 902 4400 367
921 4343 949 4398 ff.
1005 4346 1020 4397 3
1040 4343 1072 4396 16
1091 4359 1201 4397 666666
1220 4340 1306 4396 codex
1325 4341 1405 4395 steht

247 4431 266 4484 1.
280 4429 332 4484 210
345 4429 457 4502 eiulaga
475 4431 521 4487 616
539 4432 726 4502 briefconcept
740 4431 912 4499 Hermanno,
931 4433 961 4486 in
981 4432 1045 4488 dem
1066 4447 1095 4486 er
1117 4431 1173 4486 666
1194 4431 1403 4499 ungenannten

247 4519 412 4575 adresaaten
431 4537 478 4574 um
497 4521 694 4592 libersendung
712 4521 820 4592 einiger
839 4521 975 4575 materiae
993 4523 1023 4590 (6.
1037 4540 1062 4576 o.
1076 4538 1103 4590 p.
1122 4519 1183 4590 27²)
1202 4518 1306 4572 bittct:
1335 4518 1404 4573 »Lo—
