3092 5244
684 449 745 515 los

709 703 740 775 l.

134 825 330 898 Hermann
358 823 512 900 Schedel
541 848 590 898 an
625 705 841 898 Haltmann
869 826 1035 902 Schedel.
1088 827 1288 925 Augsburg

555 948 670 1043 [1463
700 949 776 1020 mai
799 948 865 1046 ff.].
989 1033 991 1036 ¹

386 1103 448 1158 clm.
468 1102 520 1157 ⁴18
540 1102 560 1156 l.
579 1102 641 1158 266.
669 1102 813 1158 Abschrilt
832 1103 1005 1159 Hartmaans
1019 1105 1036 1158 ¹.

136 1233 303 1321 Billigt
326 1237 474 1302 seinen
499 1236 774 1316 entechluss,
798 1238 981 1302 medicin
1005 1260 1051 1302 an
1074 1239 1284 1302 studiren.

498 1341 596 1407 Pest
618 1342 660 1406 in
686 1343 923 1428 Augsburg.

224 1477 408 1546 Venerabili
432 1483 552 1547 arcium
574 1482 696 1548 doctori
713 1481 841 1546 domino
857 1481 898 1550 N.
915 1483 977 1548 sibi
993 1482 1156 1549 rarissimo
1168 1480 1191 1548 ⁸.
1229 1481 1285 1548 Sa·

132 1585 235 1650 lutem
260 1584 433 1668 plurimam
456 1586 535 1653 dicit
547 1587 568 1652 ³.
616 1585 738 1652 Littera
762 1593 816 1652 tue
830 1587 965 1653 facunde
982 1592 1038 1654 tuo
1055 1585 1185 1653 nomine
1208 1585 1286 1651 mihi

133 1689 259 1754 reddite
282 1689 315 1754 in
339 1690 404 1756 dies
429 1691 530 1775 magis
553 1690 717 1776 magisque
745 1691 939 1776 singularem
973 1693 1005 1757 in
1031 1714 1080 1758 me
1101 1689 1286 1758 benivolen-

133 1795 214 1860 ciam
239 1798 328 1860 tuam
351 1796 532 1860 ostendunt.
578 1793 660 1859 Tute
685 1796 756 1875 scis,
780 1801 935 1882 quantum
959 1802 991 1862 te
1014 1797 1116 1881 diligo
1138 1797 1285 1862 observo-

135 1922 196 1984 que
221 1904 254 1964 et
277 1923 374 1986 quam
398 1920 515 1984 magno
531 1905 562 1964 te
577 1899 683 1965 studio
698 1902 864 1982 oraverim,
888 1903 961 1966 dum
978 1903 1095 1967 abhinc
1117 1902 1287 1980 recederes,

133 2009 170 2070 ut
193 2009 225 2069 te
250 2004 403 2070 bonarum
437 2005 560 2070 arcium
590 2003 767 2088 disciplinis
800 2007 951 2072 traderes.
997 2006 1039 2072 Et
1063 2007 1138 2092 quia
1161 2028 1198 2071 ex
1221 2006 1286 2070 tuis

135 2131 220 2174 nunc
243 2111 371 2194 scriptis
386 2111 545 2195 intelligo,
567 2114 600 2174 te
621 2110 768 2176 facultati
784 2111 939 2177 medicine
954 2132 1081 2196 operam
1096 2110 1176 2176 velle
1199 2110 1285 2188 dare,

134 2216 219 2299 quod
244 2219 277 2279 et
298 2215 404 2294 lando,
428 2237 498 2280 cum
523 2219 555 2279 te
578 2215 641 2278 arti
664 2215 791 2280 tradere
813 2217 912 2300 cupis,
938 2238 999 2301 que
1015 2217 1154 2282 humano
1176 2216 1285 2302 generi

133 2320 363 2404 amplissimam
393 2342 517 2406 semper
549 2321 712 2386 consuerit
743 2320 1001 2387 commoditatem
1033 2321 1147 2387 afferre
1169 2325 1201 2386 ct
1224 2343 1286 2407 que

134 2425 295 2491 hominem
312 2426 416 2509 ipsum
432 2448 451 2492 a
465 2426 575 2491 multis
598 2426 742 2510 profecte
766 2425 1003 2492 calamitatibus
1019 2430 1051 2490 et
1074 2427 1257 2511 lugubribus
1272 2426 1284 2461 ⁴

133 2531 254 2614 optime
277 2531 443 2597 sublevare
466 2532 565 2597 novit.
613 2528 769 2596 (lensccvi
795 2551 854 2614 ego
877 2552 1001 2615 semper
1033 2531 1133 2611 hanc,
1166 2531 1198 2594 in
1223 2552 1285 2615 qna

7 2627 8 2634 ἵ
133 2636 296 2719 professus
312 2657 391 2713 snm,
408 2632 625 2722 facultate[m]
643 2636 892 2718 magnipendere
911 2637 1107 2718 procelaris,
1131 2657 1201 2700 cum
1225 2637 1284 2700 dn-

132 2761 199 2805 cem
223 2740 340 2806 habeat
363 2742 530 2818 racionem,
555 2740 614 2804 hoc
629 2744 678 2803 est
694 2743 843 2803 naturam
860 2739 972 2822 ipsam,
997 2741 1031 2803 in
1048 2761 1111 2824 qna
1136 2760 1193 2803 sua
1209 2740 1284 2804 iecit

132 2844 349 2924 fundamenta,
373 2847 458 2932 legas
482 2867 556 2910 vero
579 2851 611 2909 et
633 2845 801 2928 presertim
820 2866 902 2923 eam,
926 2866 1022 2929 quam
1045 2845 1192 2929 plerique
1215 2845 1282 2908 adi·

134 2953 311 3035 piscantur,
335 2954 413 3018 iuris
435 2951 583 3016 videlicet
607 2951 763 3034 pontificij
782 2950 968 3016 facultatem
985 2971 1045 3034 pro
1067 2949 1234 3014 voluntate
1249 2953 1282 3013 et

131 3057 266 3122 arbitrio
290 3059 443 3122 maiorum
467 3079 533 3123 esse
555 3057 706 3124 conditas.
745 3055 867 3122 Idcirco
891 3077 954 3122 non
967 3056 1086 3121 iniuria
1103 3061 1137 3120 te
1161 3056 1282 3134 hortor,

133 3166 169 3227 nt
192 3163 390 3247 propositum
416 3169 482 3228 tam
506 3163 634 3228 salubre
659 3162 871 3228 effectualiter
887 3163 1086 3246 quamtocius
1110 3160 1283 3226 contendas

132 3268 293 3350 prosequi.
340 3267 422 3333 Nam
437 3268 588 3354 quicquid
612 3269 751 3353 ingenio,
775 3268 909 3334 oonsilio
930 3269 1082 3354 omnique
1105 3271 1221 3333 conatu
1243 3266 1281 3330 ad

132 3368 164 3432 id
188 3373 220 3433 te
243 3373 392 3457 consequi
416 3373 519 3439 facere
541 3379 663 3458 potero,
687 3373 767 3438 illud
783 3375 862 3438 satis
885 3396 935 3440 me
952 3374 1109 3438 facturum
1127 3373 1186 3437 tibi
1210 3371 1280 3456 pcl-

97 3517 112 3552 ,
132 3472 239 3538 liceor.
254 3511 291 3524 -
308 3475 473 3543 Postremo
488 3483 566 3544 utte
583 3498 734 3544 novarum
747 3499 853 3543 rerum
871 3478 1061 3563 participem
1079 3478 1216 3555 reddam,
1227 3497 1281 3559 pe·

132 3578 190 3642 stis
212 3580 282 3663 ipsa
305 3581 369 3647 iam
390 3582 513 3669 aliquot
535 3582 646 3648 diebus
669 3584 701 3646 in
726 3583 895 3666 parrochia
917 3583 1021 3648 sancti
1037 3578 1206 3668 U[dalricl]
1232 3603 1281 3644 se·

133 3683 201 3749 vire
225 3685 320 3768 cepit,
344 3691 449 3752 tamen
467 3689 594 3753 remisse
622 3689 730 3752 satisl.
778 3687 903 3767 Nescio,
929 3688 1005 3772 quid
1026 3689 1065 3754 de
1080 3686 1190 3752 futuro
1206 3687 1282 3751 deus

699 3824 716 3860 ss

205 3916 218 3968 l
242 3912 489 3983 Unscllsttudiges
508 3917 624 3985 concept
642 3916 800 3971 Hermanns
820 3916 883 3970 clm.
904 3917 956 3970 224
968 3917 986 3971 f.
1007 3915 1065 3978 238,
1085 3913 1232 3970 ruchblstt
1249 3931 1281 3967 aa

132 3999 151 4054 l.
171 4001 232 4068 278,
251 4000 362 4058 darach
381 4001 517 4071 datiruag
537 4020 570 4056 zu
591 4004 658 4058 1463
679 4003 712 4075 [s.
732 4021 772 4058 ur.
793 4003 845 4074 47].
873 4003 969 4058 womit
992 4002 1102 4057 stimmt
1132 4001 1215 4056 »dum
1233 4000 1282 4057 ab·

131 4088 196 4143 hinc
213 4089 378 4153 recederes«,
399 4089 437 4143 da
454 4090 614 4145 Hartmaun
634 4107 680 4145 am
699 4092 724 4145 9.
743 4091 801 4146 mai
821 4091 889 4146 1463
908 4090 938 4144 in
961 4089 1112 4160 Augsburg
1130 4086 1281 4143 nachweis·

131 4174 183 4230 bar
200 4174 240 4229 ist
257 4193 277 4228 s.
295 4176 480 4232 wattenbach
493 4177 548 4234 id.
560 4177 756 4249 Forschuugea
775 4179 821 4243 Xl,
841 4179 901 4236 364.
957 4181 973 4233 2
993 4179 1045 4232 llm
1063 4178 1165 4234 oberen
1184 4177 1280 4241 rande,

132 4261 205 4317 fehlt
225 4262 265 4316 im
277 4266 401 4333 concept.
429 4264 480 4321 Die
491 4265 684 4337 bezeichnung
695 4267 792 4324 doctor
812 4268 886 4325 wohl
906 4267 1076 4322 absichtlich
1095 4264 1280 4321 irrelllhrend.

132 4351 148 4404 3
166 4348 289 4419 concept
307 4349 397 4420 lolgt:
416 4356 517 4422 patrue
535 4354 683 4411 carissime.
754 4357 818 4410 4:
829 4357 952 4424 languor
970 4373 990 4410 s.
1012 4354 1201 4410 Dicffenbacb.
1266 4357 1281 4408 5

132 4433 196 4506 Vgl.
215 4436 484 4496 Sttdmtlhroniken
503 4439 536 4506 V,
557 4443 609 4497 293
627 4443 683 4497 und
710 4444 866 4500 Hermanns
886 4442 977 4502 Notat
997 4443 1026 4498 in
1045 4444 1109 4499 clm.
1134 4443 1185 4499 363
1204 4441 1281 4516 [lbr-

134 4523 274 4596 scbuugen
293 4524 342 4590 Xl,
359 4526 431 4597 3551.
