3106 5246
689 487 751 552 179

140 663 274 742 ceteris,
304 685 413 728 verum
438 668 471 728 et
493 683 582 727 sacra
615 667 790 727 attestante
812 664 972 748 scriptura
989 665 1134 730 Ezechiel
1155 668 1188 731 7⁰
1210 675 1291 750 oap⁰.

142 803 180 814 -
200 790 294 851 quam
319 770 440 853 fugam.
485 767 588 845 Quare
612 773 643 832 te
658 769 690 833 id
706 769 810 832 lacere
826 769 967 834 fraterne
983 769 1096 834 hortor
1111 779 1143 836 et
1159 793 1293 848 moneo;

140 879 177 938 ut
199 878 232 938 te
255 876 332 939 deus
355 896 412 938 sua
435 874 665 958 benignissima
688 875 797 960 gracia
819 874 949 954 salvem,
974 874 1167 940 incolumem
1190 877 1295 959 patrie

140 983 194 1042 tce
218 980 387 1059 restituat,
419 999 530 1043 omnes
560 981 629 1043 toto
664 977 779 1041 ellectu
811 979 998 1063 sinceroque
1030 979 1123 1042 corde
1146 985 1295 1062 optamus

138 1083 340 1168 supliccsque
362 1083 456 1148 deum
472 1083 503 1146 in
529 1082 783 1146 diesexoramus.
822 1079 860 1144 ln
883 1101 947 1164 quo
970 1087 1003 1147 ta
1026 1082 1164 1147 feliciter
1186 1083 1294 1148 valere

140 1190 245 1272 cupio.
293 1187 339 1252 Ex
363 1184 619 1274 Nnr[emberga]
643 1187 714 1271 ipso
736 1187 787 1250 die
809 1184 954 1272 Jac[obi]
982 1189 1075 1254 1468.

615 1410 638 1414 ..
655 1409 823 1418 —-.,....-.—.

712 1508 744 1580 l.

142 1629 339 1703 Hermann
381 1630 535 1705 Schedel
591 1653 640 1704 an
679 1512 873 1728 [8Velentin
912 1629 1020 1704 Eber.
1096 1629 1296 1722 Nnmberg

549 1754 650 1828 1468
679 1755 857 1854 augusti]
873 1751 898 1830 ¹.

501 1909 565 1964 clm.
585 1910 636 1965 441
655 1909 674 1965 f.
694 1909 768 1966 2201).
805 1909 937 1982 Concept

142 1981 251 2063 liber
275 2003 484 2084 vorg'dnge
507 1999 548 2064 in
570 1999 807 2085 Augsburg.
852 2000 1106 2083 Erwerbung
1129 2000 1199 2064 des
1221 1996 1297 2062 Va-

523 2104 673 2170 lerius
696 2105 912 2170 Maximus.

228 2241 370 2309 Salutem
393 2244 567 2328 plurimam
589 2250 692 2330 optat,
716 2247 765 2310 vir
787 2246 1016 2312 humanissime
1039 2267 1077 2310 ac
1101 2245 1201 2309 frater
1223 2264 1296 2308 sua·

141 2347 290 2414 vissime!
307 2398 511 2418 .........
541 2351 713 2417 Relacione
749 2352 947 2438 quorundam
979 2355 1054 2415 ante
1084 2350 1208 2434 aliquot
1231 2349 1298 2413 dies

145 2454 260 2537 accepi,
284 2475 339 2519 vos
361 2478 424 2520 una
447 2477 518 2522 cum
535 2454 652 2522 Georio
674 2455 793 2522 Strauit
808 2459 841 2521 in
858 2456 1021 2540 legacione
1043 2456 1082 2520 ad
1105 2456 1134 2520 d.
1159 2455 1297 2537 impera-

142 2563 247 2623 torem
269 2557 370 2624 fuisse
394 2561 526 2626 missum
539 2561 562 2642 ²,
586 2566 633 2628 set
656 2583 727 2627 cum
751 2564 873 2647 pridem
897 2582 985 2626 secus
1008 2561 1180 2636 audissem,
1207 2559 1297 2623 vobis

141 2663 350 2728 valitudinem
375 2687 479 2731 meam
501 2668 657 2750 optimam
681 2668 744 2750 hijs
767 2669 844 2731 meis
874 2667 1003 2749 scriptis
1026 2665 1177 2729 intimare
1199 2663 1296 2740 volui,

143 2774 178 2833 ut
212 2773 245 2833 et
267 2791 374 2834 coram
398 2771 426 2836 d.
460 2771 571 2835 doctor
595 2768 757 2836 Conradue
780 2770 900 2836 Schucz
932 2769 1062 2854 singula
1091 2789 1146 2834 ore
1168 2767 1296 2846 referet,

142 2895 237 2957 quem
260 2874 330 2938 loco
352 2875 450 2939 vestri
476 2875 526 2940 hic
549 2876 581 2939 in
606 2876 706 2940 alium
722 2877 837 2961 collegi
851 2874 1059 2940 Valentinum
1070 2873 1093 2954 ³,
1118 2895 1174 2938 nec
1189 2877 1296 2937 tamen

142 2979 182 3042 ob
207 2978 267 3045 hoo
289 2980 385 3044 vestri
408 2979 553 3044 oblivio⁴
576 3001 728 3064 umquam
760 2980 882 3045 excidet
906 3002 925 3044 a
949 2984 1064 3044 mente.
1110 2976 1199 3054 Quod
1223 2997 1295 3041 cum

140 3083 188 3146 ita
221 3084 321 3149 fixum
343 3085 450 3148 animo
480 3105 550 3148 meo
581 3084 745 3168 impressi,
776 3085 809 3149 id
839 3092 876 3149 nt
904 3085 1041 3150 vicissim
1066 3083 1123 3148 fiat
1145 3082 1296 3147 missione

142 3188 321 3268 literarum,
345 3191 432 3255 omni
455 3190 571 3254 affectu
595 3192 712 3256 iterum
745 3197 842 3277 atque
875 3193 993 3256 iterum
1016 3210 1104 3276 rogo.
1151 3187 1223 3254 Soio
1246 3187 1295 3251 in·

147 3315 243 3377 super
267 3300 300 3359 et
321 3300 427 3361 certus
442 3319 522 3374 sum,
545 3302 702 3380 qnatenus
718 3298 871 3364 hactenns
886 3320 943 3381 pre
958 3296 1071 3364 ceteris
1094 3295 1152 3360 hac
1174 3297 1296 3376 tempe·

143 3402 227 3462 state
237 3399 363 3464 fueritis
374 3401 495 3467 anxiati
507 3404 624 3482 animo,
640 3425 705 3468 non
720 3406 836 3481 minus,
848 3423 955 3488 ymmo
971 3402 1097 3479 forcius,
1112 3421 1207 3484 quam
1218 3399 1296 3464 certi

143 3503 180 3568 de
194 3505 318 3596 vestris,
343 3507 400 3590 qui
413 3509 566 3573 assaturis
587 3509 738 3592 porcinis,
757 3509 914 3572 adiunctis
931 3506 1150 3591 potaeionibus
1173 3502 1295 3580 validis,

144 3633 229 3677 nunc
244 3612 296 3676 die
309 3619 468 3698 noctuque
484 3615 635 3679 insudant
649 3619 682 3680 et
705 3614 891 3678 inserviunt.
937 3610 1027 3688 Quod
1050 3631 1124 3675 vero
1140 3605 1199 3670 hac
1215 3610 1296 3670 tem·

144 3720 268 3799 pestate
282 3717 354 3800 plus
372 3719 486 3784 insedit
501 3720 608 3784 animo
628 3720 803 3804 ingensque
822 3719 975 3784 hactenns
999 3715 1111 3782 incidit
1133 3712 1296 3798 gaudium,

145 3823 289 3905 estquod
302 3825 335 3886 in
356 3830 421 3890 tam
435 3826 638 3890 acerbissimo
649 3825 776 3890 fortune
788 3827 910 3908 impetn
919 3819 1214 3899 constantes,fortes
1223 3839 1296 3901 per·

143 3933 388 4013 serenantesque
402 3932 508 3996 animo
524 3933 667 3997 dominos
692 3953 778 3996 meos
793 3952 918 4014 semper
932 3929 1026 3994 sensi.
1072 3925 1145 3991 Non
1161 3943 1249 3988 secus
1265 3923 1295 3985 id

214 4119 226 4172 l
247 4117 350 4174 Datum
370 4121 426 4175 und
445 4122 555 4178 adresse
573 4124 645 4179 nach
663 4065 731 4180 deni
746 4124 856 4188 inhalt,
876 4121 974 4178 womit
991 4117 1036 4174 die
1053 4117 1178 4186 stellung
1195 4115 1234 4168 im
1254 4131 1297 4170 co·

144 4204 198 4260 dex
216 4205 335 4263 stimmt.
372 4207 449 4263 Oben
468 4210 519 4264 auf
533 4211 581 4267 der
599 4212 668 4265 seito
686 4212 776 4266 steht:
797 4207 1002 4281 [scribendam]
1021 4205 1055 4260 de
1076 4203 1170 4260 Boecio
1187 4202 1217 4255 in
1237 4201 1298 4254 vul·

145 4293 206 4362 gari
225 4293 267 4349 Jo.
279 4293 407 4352 Heubler.
445 4295 484 4351 De
495 4297 607 4355 Valerio
627 4297 747 4353 Maximo
767 4297 904 4367 magistro
923 4294 1084 4349 Valentino.
1123 4286 1298 4357 Deconsilijs

145 4378 302 4451 l'rliderici]
328 4383 363 4438 de
380 4383 459 4438 Senis
478 4387 547 4454 aput
566 4383 592 4438 d.
614 4385 656 4440 Jc.
678 4384 826 4438 Kaufman.
933 4385 950 4436 2
970 4380 1007 4435 Es
1033 4381 1102 4435 wird
1122 4380 1167 4434 die
1186 4377 1297 4432 scaete-

147 4467 304 4526 Ohronilren
318 4473 350 4536 V,
370 4475 421 4528 330
441 4473 584 4528 erwthnte
604 4472 817 4542 gesandtschaft
830 4470 954 4541 gemeint
972 4470 1038 4524 sein.
1097 4471 1112 4522 3
1130 4466 1195 4534 Vgl.
1209 4466 1298 4519 untan

147 4574 187 4610 nr.
205 4559 249 4616 97.
320 4560 337 4612 4
356 4559 511 4615 l'tlschlich
532 4578 582 4614 nus
601 4560 737 4616 memoria
755 4559 893 4629 corrigirt.

1033 4647 1066 4702 12
1076 4647 1089 4677 *
