3092 5244
811 465 875 530 104

268 643 300 704 at
322 661 355 705 se
378 640 417 704 nd
434 640 675 706 universitatem
691 641 765 706 dare
781 639 930 720 intendit,
953 639 1014 704 nisi
1031 639 1130 725 pestis
1146 662 1218 705 eum
1235 638 1415 726 prohibeat.

266 741 314 808 Ex
330 744 479 828 Augusta
503 744 583 809 feria
607 745 639 808 3·
654 748 727 828 post
743 743 933 809 dominicam
956 744 1056 808 letare
1079 765 1163 810 anno
1183 745 1277 810 1463.

747 847 952 914 Hermannus
976 846 1108 915 Schedel
1131 848 1242 915 doctor
1264 853 1325 914 etc.

806 1096 829 1169 5
860 1154 867 1171 .

263 1216 460 1290 vHermann
490 1217 644 1292 Schedel
672 1242 720 1292 an
749 1097 891 1315 [Ulriooh
920 1218 1171 1291 (lossembrot.
1214 1217 1415 1312 Augsburg

764 1340 877 1437 1463]
896 1333 919 1413 ¹.

620 1467 684 1522 olm.
703 1469 755 1523 224
774 1469 793 1524 f.
813 1468 887 1526 31812.
924 1469 1055 1538 concept.

265 1562 480 1650 Ermutigt
512 1588 558 1630 uu
590 1566 832 1652 kr‘dftigem
861 1567 1082 1633 auftreten
1116 1568 1169 1631 im
1192 1565 1331 1630 streit
1356 1585 1416 1627 um

675 1674 796 1738 scine
819 1673 1009 1757 pfrllnde.

353 1793 578 1860 Colendissime
593 1801 772 1879 preceptor.
821 1794 1046 1879 Superioribus
1062 1793 1173 1859 diebus
1190 1793 1280 1859 binas
1294 1796 1417 1858 vestras

265 1899 370 1983 recepi
393 1899 524 1979 literas,
553 1923 622 1966 cum
647 1899 782 1966 facunde
806 1905 876 1965 tum
900 1899 1155 1966 benevolenciam
1180 1898 1416 1982 amicicium'que

264 2003 458 2088 singularem
481 2029 539 2092 pre
558 2028 591 2070 se
606 2007 754 2086 ferentem
779 2007 895 2092 quibus
912 2010 944 2071 et
974 2009 1084 2070 tantus
1099 2006 1269 2068 verborum
1284 2007 1417 2068 ornatus

266 2114 420 2193 tantaque
435 2112 666 2176 sentenciarum
682 2113 827 2196 gravitas
843 2112 935 2188 inest,
952 2117 989 2176 ut
1004 2112 1087 2176 unde
1102 2130 1223 2173 sumam
1242 2107 1414 2185 exordium,

265 2213 313 2276 nil
346 2235 420 2280 sene
456 2217 619 2300 quippiam
631 2217 666 2299 (l)
701 2217 849 2282 occurrit.
896 2215 982 2280 Nam
1007 2217 1033 2280 si
1066 2213 1204 2280 vicissim
1227 2214 1313 2278 inter
1335 2212 1413 2276 sori·

267 2319 401 2384 bendum
426 2321 585 2385 vobiscum
610 2326 732 2386 certare
750 2321 856 2400 velim,
878 2321 1010 2404 optimis
1026 2320 1205 2387 nacionibus
1222 2341 1272 2384 me
1288 2337 1413 2402 oppug-

266 2423 402 2491 nubitis.¹
435 2426 532 2490 Amor
544 2430 651 2490 bornen
667 2434 755 2490 meus
771 2446 848 2510 erga
870 2448 925 2490 vos
940 2427 973 2490 id
990 2425 1140 2510 suplebit‚
1165 2424 1248 2508 quod
1266 2423 1414 2488 facundia

265 2535 373 2614 negat.
421 2527 558 2609 Verum,
592 2552 661 2595 cum
685 2552 740 2596 vos
771 2552 884 2610 amem,
913 2534 1018 2596 vestra
1041 2551 1103 2594 non
1126 2550 1233 2594 amare
1254 2528 1417 2593 commoda

265 2657 328 2699 non
353 2657 492 2718 possum,
516 2658 590 2700 nam
620 2640 656 2700 ut
687 2637 806 2701 comico
838 2637 956 2720 placet:
998 2634 1127 2701 »Eciam
1161 2635 1332 2699 curandum
1359 2635 1415 2711 est,

266 2762 314 2806 res
337 2740 431 2806 amici
455 2743 488 2804 in
512 2744 583 2805 tuto
595 2746 631 2806 ut
653 2741 745 2806 siet«
793 2737 871 2805 Cum
888 2741 972 2804 enim
988 2761 1043 2805 vos
1061 2739 1278 2825 compluribus
1295 2736 1413 2823 [rebus]

264 2851 334 2910 tum
357 2846 560 2911 emolumenti
584 2852 652 2911 tum
677 2851 709 2911 et
733 2846 863 2912 honoris
884 2847 992 2931 gracia
1015 2848 1046 2910 in
1071 2847 1160 2912 curia
1177 2845 1338 2930 imperiali
1363 2844 1411 2908 in-

264 2954 390 3014 tentum
405 2951 512 3041 sciam,
537 2973 635 3016 unum
649 2955 754 3016 tamen
772 2973 827 3016 vos
839 2951 963 3016 hortari
985 2971 1183 3035 summopere
1196 2969 1292 3034 cogor
1308 2949 1349 3014 ob
1365 2949 1415 3012 in·

265 3061 423 3120 natam—
433 3059 470 3119 ut
484 3055 530 3118 ita
546 3055 647 3120 dicam
666 3094 704 3104 -
721 3077 798 3140 erga
813 3079 867 3122 vos
880 3058 1137 3137 benivolenciam,
1161 3061 1197 3122 nt
1213 3055 1415 3140 providencia

264 3182 398 3237 summa,
421 3179 484 3223 non
502 3164 597 3238 metu,
620 3184 727 3245 ymmo
743 3162 848 3227 animo
870 3163 949 3228 forti
963 3184 1091 3229 causam
1118 3167 1257 3227 vestram
1274 3183 1312 3226 ex
1324 3165 1415 3246 parte

265 3266 424 3350 prebende
440 3263 471 3328 S.
492 3263 636 3350 Mauricij
656 3272 766 3332 contra
782 3268 975 3334 adversarios
991 3274 1122 3348 vestros,
1146 3290 1210 3333 non
1227 3289 1323 3332 unum
1340 3287 1414 3350 ymo

265 3368 453 3451 complures,
463 3373 499 3434 ut
510 3391 548 3434 ex
559 3369 731 3437 Valentino
745 3372 860 3439 ¹modo
869 3375 1067 3460 intelligetis,
1078 3397 1171 3460 agere
1184 3373 1299 3439 velitis.
1318 3371 1416 3437 llichi

264 3474 400 3540 credite:
433 3474 489 3540 heo
512 3477 579 3541 vita
602 3478 726 3544 istudve
749 3485 876 3564 tempus
905 3481 996 3560 alica,
1025 3503 1120 3566 quam
1150 3479 1290 3562 putatis,
1314 3479 1416 3562 exigit

264 3601 377 3645 mores.
423 3577 572 3667 Undique
602 3585 779 3667 providere,
810 3607 918 3651 cavere
952 3591 985 3650 et
1007 3584 1178 3670 invigilare
1206 3584 1414 3650 necessarium

265 3685 353 3749 vobis
385 3686 468 3752 duxi.
516 3687 583 3754 Hec
611 3691 808 3757 confidenter
840 3692 944 3757 scribo
975 3692 1013 3757 ad
1037 3713 1135 3776 neum,
1168 3690 1283 3775 quiex
1306 3689 1414 3772 paucis

264 3789 366 3854 multa
388 3791 571 3876 intelligere
594 3797 690 3860 norit.
726 3796 764 3860 In
790 3796 900 3861 multis
917 3797 976 3862 sub
992 3795 1120 3861 silentio
1136 3795 1291 3882 preterire
1307 3816 1412 3883 cogor.

266 3893 421 3979 Pleraque
437 3917 475 3961 ex
485 3896 658 3966 Valentino
680 3907 790 3967 nostro
814 3902 1007 3986 percipietis,
1023 3902 1074 3967 oui
1090 3901 1184 3986 plura
1200 3900 1413 3978 innotescunt,

265 3999 320 4081 qui
343 4021 384 4063 nc
404 4022 521 4066 vacuus
544 4027 562 4068 a
584 4027 635 4070 me
657 4007 841 4087 discederet,
866 4008 922 4073 has
946 4008 985 4072 ed
1009 4029 1063 4073 vos
1085 4008 1160 4072 dare
1182 4006 1294 4070 literas
1317 4007 1413 4084 volui,

264 4108 384 4169 vestras
406 4105 530 4172 visurus
553 4112 786 4196 quamprimum
810 4113 924 4177 obnixe
958 4133 1053 4196 rogo,
1084 4133 1154 4178 oum
1190 4111 1269 4175 mihi
1292 4133 1415 4196 semper
1534 4129 1535 4154 ³

263 4209 444 4293 gratissime
466 4213 559 4280 sint³
575 4267 849 4284 ..............
853 4226 871 4281 ³.

832 4323 849 4363 e

337 4401 489 4461 lAdresse
516 4409 587 4462 nach
616 4427 656 4465 nr,
676 4411 718 4466 46.
764 4409 869 4465 Datum
893 4411 966 4465 nach
989 4411 1080 4467 ainem
1107 4412 1199 4466 ersten
1229 4411 1353 4466 entworl
1368 4411 1416 4465 aas

264 4488 285 4542 f.
300 4489 382 4554 neus,
404 4489 496 4558 gleicb
521 4495 572 4548 auf
588 4495 638 4551 das
658 4500 731 4554 erate
749 4500 864 4568 concept
884 4514 937 4555 von
956 4515 998 4551 nr.
1018 4499 1051 4552 49
1069 4497 1192 4568 folgend.
1300 4497 1316 4552 2
1337 4497 1413 4554 liber.

265 4580 281 4635 3
301 4580 409 4655 Folpen
430 4581 558 4656 phrasen.

735 4686 944 4699 m
