3092 5244
810 445 852 515 78

248 624 396 712 Namque
419 632 451 693 et
486 627 605 713 quietis
628 627 789 706 libertate,
812 627 935 692 iusticie
958 627 1054 705 cultu,
1078 625 1211 692 solercia
1234 646 1411 702 armorum,

248 733 428 799 reverencia
452 733 570 814 legum,
604 732 814 796 finitimarum
839 732 985 817 gencium
1013 731 1184 814 amicicijs,
1218 731 1414 794 maturitate

249 859 383 916 morum,
407 839 567 922 gravitate
597 836 768 900 verborum
792 842 824 900 et
846 857 977 918 operum
998 836 1217 912 obtinuerunt,
1240 840 1278 900 ut
1301 835 1414 898 orbern

249 943 429 1008 subicerent
453 943 598 1007 dicioni<
656 939 722 1005 Hec
756 941 821 1005 ille.
871 939 960 1006 Unde
987 963 1062 1027 crgo
1096 941 1171 1005 licet
1202 942 1307 1005 dicere
1339 961 1413 1003 cum

248 1046 443 1112 Justiniano:
477 1044 587 1109 »Felix
599 1044 812 1111 Romanorum
835 1066 936 1130 genus
958 1046 1103 1110 omnibus
1127 1047 1276 1129 anteponi
1303 1045 1415 1109 nacio-

250 1153 343 1217 nibus
366 1156 398 1217 et
424 1151 571 1215 omnibus
595 1149 746 1232 gentibus
762 1151 918 1214 dominari
936 1155 1002 1214 tam
1021 1152 1186 1233 preteritis
1208 1150 1314 1214 effecit
1329 1156 1415 1214 tem·

249 1258 381 1342 poribus
404 1279 498 1341 quam
522 1256 579 1320 deo
602 1254 746 1338 propicio
768 1255 802 1318 in
826 1259 971 1320 eternum
997 1255 1143 1320 efficiet«
1186 1255 1287 1320 Immo
1313 1263 1414 1338 poeta

249 1362 442 1428 clarissimus
450 1359 621 1445 Virgilius:
646 1358 715 1423 »Tu
732 1379 841 1444 regere
856 1360 991 1443 imperio
1013 1361 1157 1444 populos,
1175 1360 1326 1440 Romane,
1345 1382 1415 1424 rne-

250 1473 367 1532 mento.
421 1465 488 1530 Hcc
510 1465 571 1530 tibi
601 1469 695 1529 erunt
731 1470 814 1528 artes
838 1465 923 1548 pacis
949 1466 1113 1548 imponere
1146 1466 1246 1548 leges,
1279 1487 1416 1548 parcere

249 1571 400 1638 subiectis
415 1574 447 1634 et
462 1569 620 1634 debellare
651 1567 822 1651 superbos<
849 1573 881 1631 11
907 1568 1094 1651 »imperium
1116 1571 1184 1633 sine
1209 1569 1292 1632 fine«
1323 1571 1415 1633 ete.¹

252 1675 341 1741 Unde
375 1676 564 1740 novissimus
595 1679 692 1758 poeta
727 1671 913 1738 Franciscus
942 1673 1091 1737 Petrarca
1123 1678 1246 1738 noster:
1287 1673 1416 1739 »Roma

250 1783 359 1848 mundi
392 1787 505 1866 caput,
540 1778 666 1844 urbium
700 1778 820 1862 regina,
852 1780 939 1842 sedes
967 1779 1110 1861 imperii,
1143 1801 1198 1842 ara
1223 1779 1298 1843 fidei
1323 1785 1414 1843 cato·

251 1890 320 1968 lice,
343 1888 413 1952 fons
435 1887 577 1950 omnium
604 1885 857 1950 memorabilium
883 1886 1133 1969 exemplorum«
1191 1886 1305 1951 Beatus
1323 1885 1416 1972 Hye-

251 1994 391 2058 ronimus
425 1992 524 2056 eciam
556 1991 688 2056 Romam
728 1991 836 2056 laudat
871 1997 903 2057 et
932 1993 1031 2076 ipsam
1068 1993 1229 2057 laudatam
1261 1994 1302 2056 ab
1333 2014 1416 2076 apo-

251 2097 334 2163 stolo
357 2097 446 2176 dicit,
469 2102 501 2161 et
531 2102 603 2181 post
646 2096 807 2180 apostolos
837 2098 1057 2181 ewangelistae
1087 2098 1231 2162 doctores
1260 2102 1416 2180 quatuor,

252 2225 386 2288 quorum
410 2202 471 2266 duo
498 2202 632 2265 fuerunt
657 2200 801 2266 Romani.
848 2200 940 2266 Titus
963 2200 1081 2278 Livius
1107 2203 1204 2267 lactea
1228 2202 1417 2285 eloquencie

250 2308 308 2386 vir,
331 2306 437 2390 inquit
459 2305 542 2370 libro
566 2306 669 2389 primo
700 2327 828 2371 suarum
845 2306 1015 2370 decadum:
1054 2305 1173 2370 »Nulla
1189 2328 1342 2391 umquam
1361 2328 1415 2371 res

250 2411 379 2499 publica
402 2433 459 2475 nec
481 2412 582 2475 maior
605 2432 662 2476 nec
694 2412 833 2476 sanctior
856 2432 913 2475 nec
929 2412 1021 2475 bonis
1038 2413 1192 2495 exemplis
1215 2412 1313 2477 ditior
1336 2412 1414 2476 fuit.

251 2516 282 2582 N
285 2539 320 2583 eo
335 2518 367 2581 in
381 2538 475 2602 quam
491 2517 654 2581 civitatem
681 2520 746 2580 tem
765 2537 833 2580 sera
849 2517 985 2582 avaricia
1000 2516 1189 2602 luxuriaque
1212 2518 1415 2602 migraverit,

251 2645 309 2688 nec
331 2623 387 2688 ubi
410 2625 517 2686 tantus
539 2643 575 2686 ac
599 2625 666 2686 tam
700 2621 754 2686 diu
770 2623 950 2705 paupertati
962 2643 1000 2686 ac
1014 2622 1206 2704 parsimonie
1222 2621 1323 2687 bonos
1338 2623 1415 2689 fuit.

252 2730 379 2806 Quanto
394 2751 500 2792 rerum
516 2728 631 2806 minus,
655 2730 745 2790 tanto
761 2727 866 2791 minus
894 2727 1078 2809 cupiditatis
1094 2730 1190 2792 crat«
1232 2726 1413 2792 Secundum

252 2836 352 2900 eciam
374 2834 502 2899 beatum
519 2833 747 2918 augustinum,
774 2833 828 2896 ubi
844 2834 882 2896 de
911 2832 1084 2896 virtutibus
1099 2832 1244 2916 loquitur
1256 2831 1277 2912 ²,
1302 2833 1414 2898 nullus

252 2940 422 3004 virtuosior
445 2939 563 3022 populo
582 2958 724 3013 romano,
749 2936 803 3000 ubi
829 2957 903 3000 vero
926 2937 963 3000 de
981 2937 1071 3020 vicijs
1098 2936 1205 3001 nullus
1227 2938 1413 3002 viciosior³.

252 3043 321 3108 Hoc
344 3049 450 3108 tamen
478 3044 630 3108 viciosum
662 3041 690 3104 si
714 3043 838 3124 quando
860 3043 971 3122 venit,
1001 3063 1063 3106 non
1096 3042 1255 3127 artisaut
1277 3043 1412 3108 institu-

254 3149 353 3214 cionis
377 3146 567 3224 laudabilis,
598 3153 646 3210 set
670 3167 789 3222 eorum,
815 3147 870 3230 qui
903 3147 973 3210 istis
1008 3148 1196 3224 abutuntur,
1223 3169 1280 3213 usu
1311 3150 1413 3214 venit.

253 3253 352 3318 Nulle
384 3253 467 3318 enim
491 3259 557 3316 tam
581 3253 662 3317 bone
684 3251 907 3316 instituciones
937 3259 992 3318 aut
1024 3259 1112 3317 artes
1135 3257 1220 3331 sunt,
1246 3276 1308 3338 quc
1330 3254 1413 3318 abu-

252 3359 389 3424 tentium
412 3357 492 3422 vicio
515 3357 682 3440 depravari
697 3357 748 3421 vel
772 3358 891 3440 privari
907 3380 970 3423 non
999 3353 1134 3443 possint.
1181 3357 1297 3422 Nonne
1312 3381 1413 3442 queso

253 3462 400 3548 teologie,
422 3462 502 3526 iuris
524 3462 636 3541 civilis,
660 3462 814 3526 medicine
837 3466 869 3526 et
893 3463 1090 3547 reliquarum
1108 3465 1263 3528 bonarum
1287 3463 1410 3526 arcium

253 3569 400 3648 sciencia,
423 3567 562 3634 humano
578 3569 687 3652 generi
704 3569 838 3632 multum
860 3569 1044 3646 necessaria,
1060 3569 1272 3632 nobistamen
1296 3589 1411 3632 nocere

252 3680 368 3758 potest,
392 3675 419 3737 si
442 3676 514 3758 quis
536 3676 600 3740 illis
623 3675 766 3738 imbutus
789 3696 956 3757 perperam
980 3674 1026 3737 1111
1050 3674 1151 3738 velit?
1176 3671 1337 3737 -Forte
1361 3673 1410 3737 di·

253 3781 341 3860 cetis,
367 3780 423 3844 hec
446 3781 490 3844 sic
513 3781 551 3844 de
567 3779 719 3845 Romanis
734 3779 856 3862 scripta
870 3781 949 3843 olim
966 3783 1047 3862 aput
1071 3778 1230 3843 Romanos
1247 3778 1409 3857 claruisse,

253 3887 328 3950 dum
351 3886 459 3950 orbem
484 3886 588 3967 ipsum
603 3883 691 3948 felici
708 3883 863 3966 regimine
893 3884 1125 3966 gubernabant,
1149 3903 1234 3946 nunc
1257 3882 1410 3946 11101111-

254 3990 349 4054 nime.
397 3987 507 4066 Credo,
531 3987 624 4051 hodie
646 3986 705 4052 bec
727 3992 760 4050 11
783 3989 903 4051 maiora
930 4009 1024 4072 quam
1049 4009 1202 4071 umquam
1225 3987 1270 4051 eis
1293 3989 1411 4066 adesse,

253 4118 455 4179 quamquam,
490 4093 666 4171 utstatim,
691 4114 787 4175 supra
809 4093 1013 4157 abutencium
1037 4092 1199 4175 pravitate
1223 4097 1255 4155 et
1279 4092 1410 4155 estima-

822 4244 839 4281 ss

326 4336 397 4391 lZu
416 4335 518 4390 dicem
532 4336 607 4388 satae
621 4350 667 4386 am
680 4332 781 4387 raude:
802 4336 891 4388 vacat.
958 4331 1046 4388 2cod.
1058 4332 1204 4400 loquimur.
1258 4335 1409 4390 31nGos-

254 4425 389 4480 sembrots
408 4424 473 4478 rede
485 4423 560 4492 folgt
578 4439 636 4476 nun
655 4422 725 4477 noch
744 4421 850 4490 einiges
868 4422 902 4476 de
919 4421 997 4477 viciis
1013 4421 1210 4484 Romanorum,
1230 4439 1288 4475 was
1310 4425 1411 4476 natur·

253 4511 310 4565 lich
329 4509 442 4565 Schedel
463 4511 540 4564 nicht
560 4509 698 4563 branchen
717 4508 803 4564 kann.
