3106 5252
832 469 874 534 30

280 665 383 707 rerum
409 643 561 708 aviditate
583 643 754 708 adductum
777 644 968 722 intueretur,
1001 644 1116 708 nedum
1129 643 1258 723 coleret,
1281 646 1436 729 diligeret

278 768 412 832 eumque
436 748 547 812 honori
582 748 729 827 haberet,
765 751 819 814 sed
842 755 875 814 et
897 749 1036 814 aeternis
1060 749 1207 813 laudibus
1231 751 1437 815 extolleret?

278 850 362 916 Nam
385 875 441 936 per
457 851 555 917 Italas
580 855 682 933 urbes,
714 855 764 918 vir
787 855 1038 938 spectatissime,
1063 855 1169 918 studia
1192 855 1360 920 literarum
1383 857 1437 919 in-

277 957 441 1041 vestigasti
458 958 479 1036 ¹,
514 980 594 1042 quae
619 963 755 1022 mentem
781 963 909 1036 acuunt,
933 960 1071 1024 animum
1097 959 1295 1037 clarificant,
1327 960 1431 1025 homi-

276 1083 347 1125 nem
380 1061 593 1125 immortalem
633 1062 777 1125 reddunt.
836 1061 940 1146 Esque
973 1063 1118 1126 imitatus
1152 1064 1434 1129 excellentissimos

277 1167 431 1251 quosdam
454 1167 576 1250 priscos
600 1167 685 1232 viros
708 1188 744 1231 ac
767 1189 847 1250 pene
870 1168 1003 1247 divinos,
1028 1169 1081 1252 qui
1104 1173 1141 1232 ut
1163 1168 1430 1252 perfectissimam

275 1272 443 1338 scienciam
466 1271 599 1353 adipisci
621 1277 761 1354 possent,
787 1276 927 1336 exterres
942 1271 975 1358 (l)
994 1279 1096 1337 terras
1119 1274 1203 1356 vagi,
1228 1278 1265 1338 ut
1287 1295 1355 1338 eam
1379 1297 1432 1338 as·

276 1380 493 1462 sequerentur,
517 1382 751 1459 peragrarunt,
775 1399 791 1440 e
815 1399 948 1461 quorum
973 1376 1110 1444 maxima
1133 1380 1229 1442 turba
1252 1377 1432 1463 Pytagoras

276 1483 360 1546 inter
384 1479 649 1564 philosophorum
673 1481 801 1545 nomina
825 1481 1049 1546 celeberrimus
1072 1483 1207 1547 scnobis
1230 1482 1327 1547 offert
1337 1533 1431 1550 .....

362 1585 423 1651 Sed
447 1584 553 1649 omnia
577 1585 656 1648 mihi
679 1585 895 1650 consideranti
925 1585 1126 1652 studioruu1²
1159 1608 1287 1671 genera,
1312 1589 1429 1672 quibus

278 1691 413 1755 maxime
437 1695 608 1755 exornatus
633 1711 675 1769 es,
699 1689 781 1754 nihil
805 1691 954 1769 nobilius,
978 1692 1059 1755 nihil
1084 1694 1187 1756 maius
1202 1695 1331 1758 videtur
1355 1698 1431 1759 tuae

276 1795 485 1860 excellencino
518 1795 652 1860 attribui
688 1816 799 1878 posse,
830 1817 925 1879 quam
960 1797 1043 1880 quod
1078 1798 1302 1882 philosophiae
1336 1799 1430 1863 effec-

274 1907 353 1981 tum,
376 1903 407 1966 id
437 1907 485 1968 est
515 1901 703 1966 medicinam
727 1902 843 1985 ipsam,
875 1924 955 1986 quae
984 1908 1033 1966 est
1055 1924 1117 1981 ars,
1141 1925 1204 1987 qua
1232 1924 1302 1982 nos,
1330 1903 1430 1968 idest

274 2029 387 2090 corpus
414 2007 606 2085 humanum,
631 2006 711 2070 bene
739 2005 887 2070 effectum
915 2007 1082 2085 reddatur',
1115 2013 1253 2088 sanetur,
1282 1990 1429 2091 praeser-

273 2119 388 2193 vetur,
412 2117 574 2197 tamquam
607 2112 798 2194 peculiarem
836 2111 969 2176 fundum
1011 2133 1135 2196 semper
1169 2113 1296 2176 coluisti
1331 2117 1428 2199 atque

276 2219 408 2297 ornasti,
433 2221 651 2302 quantumque
674 2238 746 2281 curn
769 2239 805 2280 ea
833 2222 902 2281 arte
924 2222 994 2281 tum
1016 2218 1152 2302 singulis
1176 2223 1245 2282 tum
1269 2220 1426 2284 universis

275 2323 442 2406 profueris,
467 2322 584 2386 multos
607 2324 703 2385 testes
726 2322 880 2385 adducere
903 2343 1036 2405 possem,
1060 2324 1172 2388 sinon
1205 2346 1349 2400 vererer,
1375 2346 1427 2388 me

275 2428 484 2492 deventurum
506 2427 539 2490 in
562 2427 675 2492 vicium
701 2427 905 2511 prolixitatis.
951 2426 1217 2502 Quemadmodum
1247 2432 1330 2494 enim
1353 2431 1427 2513 phi-

273 2531 417 2616 losophia
440 2534 510 2616 ipsa
532 2533 711 2597 animorum
746 2554 824 2616 quos
847 2539 939 2596 sanat
961 2534 1087 2598 morbos
1111 2534 1211 2613 tollit,
1234 2534 1281 2598 ita
1303 2540 1336 2598 et
1359 2557 1425 2598 me-

274 2638 379 2704 dicina
411 2639 598 2722 corporibus
628 2639 716 2721 ipsis,
748 2660 882 2722 quorum
916 2639 1111 2704 curationem
1135 2640 1325 2722 profitetur,
1360 2661 1424 2723 qua

274 2744 417 2809 utilitate
439 2744 485 2808 nil
508 2765 583 2808 sane
606 2744 645 2807 ad
668 2744 767 2807 vitam
792 2744 990 2828 salutemque
1018 2743 1181 2808 hominum
1205 2745 1423 2827 praestancius

273 2850 515 2934 eleganciusque
537 2849 672 2914 inveniri
694 2854 801 2932 potest
814 2898 974 2914 ........
1001 2849 1070 2925 Quo
1094 2871 1131 2913 ex
1147 2850 1262 2913 merito
1279 2854 1311 2912 et
1326 2849 1423 2932 prisci

271 2954 322 3018 illi
345 2955 458 3019 medici
481 2956 522 3019 ob
545 2976 653 3019 eorum
677 2955 895 3019 admirandam
912 2955 1085 3020 utilitatem
1108 2955 1286 3019 iudeorum
1311 2977 1421 3018 uume-

272 3083 342 3124 rum
365 3062 507 3124 omnium
530 3081 682 3124 consensu
706 3059 851 3124 collocati
873 3064 966 3137 sunt,
999 3060 1235 3144 persuadeoque
1262 3059 1342 3124 mibi
1366 3059 1421 3123 fir-

273 3166 386 3245 miter,
416 3168 467 3230 vir
497 3165 628 3245 eximie,
660 3165 743 3249 quod
773 3186 891 3243 omues,
915 3165 970 3248 qui
993 3165 1168 3229 medicinae
1201 3165 1368 3229 scienciam
1390 3186 1422 3228 se

271 3278 380 3335 tenere
403 3271 612 3354 profitentur,
648 3292 799 3356 magnum
823 3272 979 3354 quoddam
1002 3292 1038 3336 ac
1061 3270 1226 3353 singulare
1249 3269 1421 3334 artificium

272 3373 520 3460 praeponantur,
545 3376 660 3460 quibus
692 3381 741 3440 tot
764 3376 871 3450 herbe,
897 3376 1029 3459 lapides,
1052 3378 1189 3456 arbores,
1213 3375 1356 3440 volucres
1380 3411 1425 3422 -

272 3480 347 3566 quid
363 3481 491 3565 singula
505 3483 682 3564 percurro?
696 3517 735 3526 -
749 3479 880 3560 coelum,
894 3502 957 3560 aer,
971 3480 1080 3557 maria,
1097 3484 1182 3545 terre
1197 3481 1421 3564 cognoscenda,

270 3586 410 3651 subiecta
443 3591 527 3650 sunt.
571 3583 650 3650 Jure
673 3585 774 3670 igitur
791 3584 951 3650 Homerus
983 3591 1069 3649 vates
1100 3586 1352 3668 sapientissimus
1375 3585 1419 3648 ita

270 3691 426 3758 medicum
450 3692 574 3770 extulit,
599 3713 679 3775 quae
695 3690 780 3754 hunc
801 3691 832 3754 in
854 3690 981 3754 modum
997 3690 1096 3754 latine
1112 3690 1172 3754 tibi
1188 3712 1317 3773 possum
1340 3689 1418 3754 scri·

271 3799 362 3863 bere:
384 3795 463 3861 >Vir
478 3796 616 3862 medicus
633 3797 758 3880 praecio
774 3796 891 3861 multos
907 3793 1107 3882 equaritl!].‹
1127 3794 1169 3859 Hi
1182 3797 1338 3879 nempein
1351 3817 1421 3880 per-

269 3902 437 3968 suadendis
453 3903 594 3986 corporis
609 3903 835 3982 inustionibus,
858 3903 1071 3966 membrorum
1089 3901 1318 3980 execcionibus,
1344 3921 1419 3965 con·

269 4008 407 4074 solandis
441 4009 570 4094 egrotis,
600 4010 639 4073 ad
668 4031 757 4092 spem
780 4008 998 4087 sublevandis,
1037 4006 1199 4072 doloribus
1224 4005 1419 4084 tollerandis,

268 4115 426 4179 mortibus
449 4112 689 4180 contemnendis
713 4113 917 4197 reperiuntur
939 4112 1125 4196 peritissimi
1150 4110 1419 4194 eloquentissimi-

271 4243 391 4305 que...
408 4218 468 4285 Sed
503 4220 662 4305 reliquum
686 4224 743 4299 est,
775 4225 812 4282 ut
841 4240 955 4302 parum
979 4218 1081 4283 dicam
1116 4217 1153 4282 de
1185 4222 1241 4281 tua
1262 4215 1419 4300 singulari

269 4324 460 4412 egregiaque
481 4325 612 4405 virtute,
635 4347 709 4390 nam
733 4324 895 4408 preteribo
906 4325 1093 4390 suavissima
1111 4325 1276 4388 literarum
1300 4323 1419 4400 studia,

341 4499 406 4553 lIn
423 4497 523 4553 Padus
540 4516 560 4552 s.
581 4517 605 4554 o.
624 4517 666 4552 nr.
687 4496 712 4551 1.
818 4431 912 4554 220&
944 4497 1115 4552 stustiorum.
1168 4497 1223 4550 Das
1242 4493 1362 4564 richtige
1390 4495 1418 4547 in

268 4585 318 4642 der
335 4586 478 4643 abschrift.
