3106 5246
691 426 752 492 167

152 602 280 669 tissime.
329 601 471 668 Remitto
494 601 640 668 libellum
665 600 744 665 mihi
768 623 825 684 per
847 621 986 664 sororem
1004 623 1105 665 meam
1130 623 1149 664 a
1171 604 1203 665 te
1226 600 1301 664 mis-

150 727 230 786 sam,
254 707 378 794 gracias
400 709 558 794 ingentes,
574 729 652 792 quas
666 705 765 786 valeo,
789 705 902 770 refero.
937 703 1167 770 Perlustrando
1182 705 1216 770 in
1232 706 1302 788 ipsc

150 811 278 897 singula
300 811 434 898 perlegi,
458 835 519 898 que
543 813 576 876 in
598 833 632 878 se
647 818 798 878 ornatum
819 811 988 876 verborum
1005 811 1302 896 sentenciammque

151 917 343 1002 gravitatem
365 917 481 984 mirum
504 919 537 982 in
554 917 680 984 modum
697 917 818 982 babere
832 916 992 981 ridentur.
1039 915 1136 981 Mitto
1153 937 1224 982 cum
1242 917 1302 984 hcc

150 1043 242 1086 unam
282 1026 406 1106 partem
439 1023 645 1107 epistolarum
678 1021 875 1100 Hieronica,
907 1041 986 1105 quas
1019 1041 1091 1086 cum
1124 1019 1301 1104 perlegeris

151 1132 204 1194 aut
227 1126 358 1192 rescribi
382 1127 513 1206 feceris,
542 1127 706 1194 remittere
729 1147 828 1193 cures.
875 1125 937 1191 Prs
963 1126 1077 1191 ceteris
1097 1127 1129 1190 in
1152 1125 1231 1208 ipsis
1254 1126 1300 1190 le·

149 1253 222 1317 gere
246 1232 441 1296 delectaret
464 1231 741 1318 frequentissimus
765 1232 844 1298 mibi
860 1253 968 1297 earnm
992 1237 1040 1297 est
1063 1253 1148 1310 usus,
1172 1252 1298 1314 preser-

147 1337 205 1403 tim
243 1342 375 1421 propter
409 1337 587 1402 doctrinam
619 1339 760 1417 stoicam,
786 1359 882 1422 quam
911 1338 945 1402 in
979 1359 1012 1404 se
1043 1336 1172 1402 habent.
1218 1335 1301 1402 Sunt

32 1499 33 1516 ,
148 1442 233 1506 enim
256 1445 335 1525 aput
359 1461 410 1505 ms
433 1441 494 1506 due
508 1447 617 1525 partes
633 1441 842 1527 epistolarum
859 1441 1051 1522 iheronimi,
1075 1463 1210 1527 quarum
1223 1463 1299 1508 usus

31 1581 32 1596 ι
147 1547 325 1632 aquodam
355 1546 434 1610 mihi
465 1546 720 1631 singularissimo
748 1548 849 1613 amico
881 1552 914 1612 et
945 1546 1098 1613 fautore¹
1128 1548 1168 1612 ad
1198 1549 1298 1612 vitam

147 1675 312 1719 concessus
335 1658 393 1733 ast,
416 1658 450 1718 et
464 1675 536 1720 cum
560 1655 657 1720 istam
681 1655 850 1734 remiseris,
875 1654 972 1720 aliam
993 1651 1147 1720 continuo
1161 1652 1299 1720 mittam.

238 1758 391 1824 Fecissem
427 1759 518 1824 iaxta
546 1764 660 1844 optata
690 1762 775 1844 ipsas
798 1761 859 1826 tibi
882 1760 1031 1840 rescribi,
1060 1763 1110 1825 set
1132 1765 1168 1824 nt
1191 1760 1300 1844 paucis

148 1885 196 1928 me
219 1863 393 1943 absolvam,
415 1864 609 1949 scriptarum
632 1866 767 1950 penurie
789 1866 971 1932 omnimodo
994 1865 1046 1931 hic
1070 1870 1141 1945 est,
1165 1865 1220 1950 qai
1243 1887 1300 1932 nec

146 1969 257 2033 literas
280 1968 481 2052 germanicas
504 1971 583 2036 bene
607 1993 737 2036 exarare
760 1977 890 2052 norunt,
913 1994 1022 2038 omnes
1038 1971 1177 2055 lascivijs
1198 1971 1299 2036 dediti

146 2076 221 2138 sant
235 2071 260 2137 ¹.
305 2071 445 2138 Tantam
472 2073 594 2141 afficior
617 2077 656 2140 ad
678 2097 775 2161 opera
798 2076 883 2161 Tulij
915 2077 994 2142 mibi
1017 2077 1122 2158 missa,
1146 2081 1182 2142 ut
1205 2097 1299 2162 quem

146 2177 297 2255 habeam,
330 2177 572 2264 qualiscumque
595 2179 694 2246 fuerit
716 2181 820 2261 litera,
843 2186 1107 2262 contentusero,
1136 2186 1169 2248 ct
1192 2186 1298 2247 tamen

146 2281 198 2346 rix
233 2281 407 2365 scriptores
437 2281 554 2348 habere
586 2304 722 2368 possum.
780 2285 976 2352 Pacienciam
1009 2287 1042 2351 in
1074 2287 1231 2352 mittendo
1264 2308 1300 2352 ea

145 2386 263 2452 habeas
297 2407 374 2466 ore,
406 2386 525 2472 ligator
562 2389 719 2455 librorum
750 2413 839 2456 meus
865 2393 983 2476 absens
1014 2396 1062 2457 est
1092 2396 1125 2457 et
1147 2394 1201 2456 vix
1224 2397 1299 2456 ante

20 2519 21 2538 ι
146 2491 262 2572 festa³‚
286 2493 334 2557 uti
358 2494 494 2578 percepi,
518 2501 706 2561 revertetur.
762 2496 871 2582 Ligari
903 2497 1018 2562 faciam
1040 2497 1127 2563 omni
1150 2518 1223 2562 cum
1246 2517 1298 2560 cr-

145 2603 234 2664 nata.
281 2597 408 2664 Habeat
427 2606 459 2665 et
482 2602 676 2685 pacienciam
704 2607 808 2668 tecam
832 2603 899 2688 ipse
921 2603 1147 2689 beghardns⁴‚
1182 2603 1239 2687 qui
1262 2625 1299 2668 aa

144 2702 260 2769 babere
284 2704 408 2787 cupiit

617 2852 826 2860 Μ

691 2965 751 3037 73.

144 3111 337 3186 Hermann
385 3113 540 3190 Schedel
587 3140 636 3190 aa
672 3115 864 3214 [Valentia
912 3115 1018 3191 Eber.
1083 3116 1297 3214 Nernberg]

554 3241 649 3313 1467
680 3240 753 3334 juli
788 3240 874 3313 13⁶.

510 3396 574 3450 clm.
593 3396 644 3450 224
663 3395 683 3450 f.
703 3395 762 3449 291.
800 3393 931 3464 Concept.

388 3517 1073 3604 Sebilderungdeereichstages.

228 3656 370 3724 Salutem
387 3653 557 3744 plurimam
581 3659 667 3725 dicit.
701 3656 846 3737 Tardius,
870 3679 966 3742 quam
981 3657 1088 3722 decuit
1104 3679 1150 3736 ea,
1177 3681 1239 3744 que
1263 3661 1296 3724 in

142 3765 208 3830 dies
233 3765 286 3830 hic
307 3769 490 3844 occurrunt,
514 3787 578 3830 non
601 3765 669 3830 siae
693 3787 785 3830 causa
807 3765 946 3829 scribere
969 3763 1089 3842 distuli,
1114 3765 1188 3829 dum
1205 3769 1295 3830 tuum

143 3871 195 3936 hic
218 3871 308 3938 avide
330 3873 496 3955 sperabam
519 3873 701 3938 adventum.
748 3870 839 3948 Quod
862 3892 933 3935 cnm
958 3891 1020 3936 non
1044 3871 1149 3952 datur,
1173 3876 1212 3938 ut
1226 3895 1295 3938 mo-

708 3975 726 4016 a

215 4069 225 4118 l
248 4063 451 4122 Gessembrctt
557 4064 657 4136 avgl.
677 4063 731 4118 den
751 4061 826 4118 brief
852 4079 889 4116 an
910 4061 1045 4118 wilhelm
1062 4080 1117 4119 von
1136 4064 1294 4122 Reichenaa

142 4153 215 4207 eben
233 4171 276 4209 nr.
295 4156 319 4208 7.
391 4151 566 4222 bocacept:
597 4154 664 4207 ante
681 4151 754 4206 festa
771 4150 876 4206 natalis
895 4154 940 4217 [sc.
959 4149 1084 4220 Christi}
1188 4151 1294 4208 toen-

139 4243 219 4308 cept:
238 4240 395 4310 religiosus.
467 4243 482 4294 5
504 4237 626 4307 concept
646 4236 720 4305 iclgt
739 4237 828 4293 neeb:
847 4236 989 4308 Jac[obus]
1004 4236 1131 4293 Bchraus
1151 4241 1219 4293 ante
1238 4241 1294 4294 ter·

83 4327 85 4333 ’
142 4326 249 4382 minum
268 4345 286 4383 a
304 4329 364 4384 inco
382 4325 508 4382 discessit
528 4328 556 4381 et
574 4323 726 4380 familiaris
745 4324 886 4379 cniusdam
909 4324 1030 4394 episcopi
1047 4325 1077 4379 in
1094 4326 1219 4396 Ungaria
1237 4326 1293 4382 exi-

140 4415 200 4471 stit·
271 4418 287 4472 6
308 4415 449 4471 Hermann
468 4415 506 4468 ist
527 4413 629 4470 bereits
648 4431 694 4468 am
715 4415 754 4467 15.
770 4412 834 4482 juni
855 4413 922 4470 1167
950 4412 980 4466 in
998 4412 1127 4469 diensten
1146 4414 1195 4469 der
1213 4415 1293 4470 stadt

140 4500 301 4572 Niirnberg‚
320 4502 372 4558 wie
390 4505 435 4557 ein
454 4502 601 4556 deutscher
619 4501 695 4556 brief
710 4518 765 4558 von
783 4501 842 4557 ihm
861 4518 896 4555 an
916 4501 969 4556 dea
989 4504 1035 4554 rat
1054 4501 1094 4574 [ia
1114 4517 1227 4557 unserm
1248 4520 1292 4558 co·
