3106 5246
684 451 744 518 185

133 631 316 717 aliquorum
338 650 392 694 vos
415 649 485 693 eum
509 628 614 693 locum
639 627 817 711 petiturum
854 626 1077 691 asseverabant
1099 625 1293 710 negociaque

133 735 274 802 civitatis
297 735 329 798 id
352 734 451 799 eciam
475 733 730 817 expostulabant.
777 728 916 796 Nolente
933 735 1042 796 tamen
1067 730 1197 795 fortuna
1220 750 1290 794 cum

138 840 304 906 Danielem
329 837 440 903 Ulmer
463 839 593 904 missum
617 837 778 914 videbam,
812 835 986 920 plurimum
1011 835 1215 920 indignabar.
1261 831 1294 896 Is

135 965 252 1029 magna
267 965 385 1030 pompa
399 944 439 1008 ad
455 941 601 1007 Athesim
616 942 760 1026 porrexit
773 939 793 1021 ¹,
817 941 1001 1024 parturiunt
1017 941 1102 1006 enim
1120 943 1244 1004 montes
1261 940 1293 1002 et

135 1055 283 1116 nascetur
313 1047 465 1114 ridiculus
493 1069 572 1116 mus.
627 1045 675 1112 Ne
706 1047 807 1130 igitur
830 1046 990 1111 oblivione
1023 1044 1131 1129 aliqua
1156 1045 1189 1108 iu
1213 1041 1293 1107 scri-

136 1155 237 1220 bendo
260 1177 311 1219 me
334 1154 494 1220 socordem
518 1153 698 1232 crederetis,
721 1173 806 1217 nune
822 1151 945 1216 inculta
961 1149 1163 1236 agrestiaque
1180 1149 1218 1214 ad
1237 1169 1293 1213 vos

135 1260 210 1326 dare
232 1259 352 1343 scripta
375 1279 487 1343 cogor,
522 1279 561 1322 ne
587 1257 662 1342 quid
692 1255 815 1321 sinistri
837 1257 923 1321 inter
945 1260 1132 1322 nostratum
1155 1253 1292 1319 arbitra-

136 1361 225 1429 mini.
272 1363 355 1428 Dum
394 1363 477 1428 enim
501 1363 634 1446 spiritus
656 1382 742 1426 meos
768 1366 881 1444 regent
903 1364 1010 1439 actus,
1044 1360 1215 1425 maximam
1238 1360 1293 1423 be-

135 1469 345 1535 nivolenciam
372 1465 525 1556 [vestram
548 1465 681 1554 vosque]
704 1487 826 1531 summe
850 1487 925 1551 erga
942 1462 1016 1552 [me]
1037 1465 1186 1530 meritum
1209 1485 1292 1529 sem-

138 1597 194 1658 per
218 1575 251 1639 in
274 1579 402 1658 pectore
432 1574 529 1638 fixum
560 1573 684 1637 tenebo.
700 1609 743 1621 —-
761 1569 909 1636 Intellexi
937 1571 1055 1636 dudum
1078 1591 1148 1634 cum
1170 1590 1294 1634 summo

135 1680 243 1744 dolore
279 1682 416 1743 vestram
455 1677 649 1743 carissimam
683 1677 867 1763 coniugem,
895 1698 989 1761 quam
1020 1681 1055 1741 ut
1079 1679 1213 1740 matrem
1237 1697 1293 1758 pre

136 1783 250 1849 ceteris
274 1783 366 1868 elegi,
390 1784 524 1848 emedio
548 1784 708 1848 sublatam
725 1806 800 1848 esse.
848 1781 926 1849 Cum
953 1805 1027 1848 vero
1050 1783 1097 1847 ita
1120 1781 1222 1846 visum
1247 1785 1295 1846 est

136 1889 195 1969 illi,
211 1887 300 1954 cuius
315 1887 447 1952 consilia
464 1894 574 1954 eterna
589 1896 674 1970 sunt,
692 1911 748 1955 uos
763 1889 855 1954 obitu
883 1891 950 1954 cius
966 1889 1174 1965 consolemur,
1195 1886 1294 1950 scien·

136 1999 184 2060 tes
206 1993 307 2078 ipsam
330 1994 363 2058 in
388 1995 558 2060 beatorum
583 2017 715 2060 numero
733 1995 920 2061 collocatam
937 1998 969 2059 et
985 1997 1077 2079 grato
1105 1992 1211 2056 animo
1227 2012 1293 2055 me-

140 2100 274 2164 moriam
300 2099 366 2163 eius
391 2101 623 2186 prosequimur.
662 2100 791 2166 Gaudeo
813 2121 887 2164 vero
910 2120 1004 2178 nunc,
1019 2119 1075 2163 vos
1097 2098 1135 2162 ad
1159 2097 1296 2162 secunda

140 2205 263 2294 volasse
285 2205 498 2285 matrimonia,
523 2227 585 2290 que
608 2206 697 2270 vobis
729 2205 835 2270 fausta
857 2227 893 2271 ac
917 2203 1024 2269 felicia
1048 2239 1085 2250 -
1112 2201 1161 2266 uti
1184 2222 1294 2286 prece-

138 2309 248 2374 dentes
272 2307 361 2372 fuere
386 2347 424 2355 -
449 2315 526 2392 opto
556 2309 694 2374 maximo
725 2308 849 2376 affectu.
898 2307 992 2372 Ferit
1019 2307 1103 2374 enim
1139 2306 1216 2371 deus
1238 2327 1295 2369 sua

139 2412 369 2498 benignissima
400 2415 525 2498 gracia,
557 2419 591 2479 et
620 2415 689 2498 ipso
719 2419 878 2479 annuente
908 2436 980 2479 cum
1013 2414 1110 2478 simul
1132 2412 1165 2476 in
1190 2411 1296 2494 patria

139 2518 275 2598 sumus,
304 2523 341 2583 ut
374 2519 463 2584 vobis
486 2520 654 2606 coniugem
677 2525 804 2606 gratam
828 2524 862 2584 et
884 2543 990 2586 amore
1014 2523 1191 2603 acceptam,
1216 2516 1295 2580 mihi

140 2645 216 2688 vero
246 2623 463 2690 benivolencia
493 2626 695 2691 coniunctam
722 2627 887 2710 reperiam.
935 2626 1100 2692 Postremo
1131 2645 1181 2688 me
1209 2644 1294 2688 com·

138 2729 321 2794 mandatum
336 2731 487 2813 suscipite
498 2751 563 2808 oro,
575 2751 703 2815 remque
719 2753 821 2796 meam
833 2738 998 2816 paternam
1013 2731 1103 2795 vobis
1119 2729 1295 2795 committo.

138 2833 234 2899 Scitis
257 2835 360 2915 enim,
385 2856 448 2919 quo
471 2835 610 2918 periculo
633 2839 776 2902 versetur
798 2841 840 2917 et,
872 2838 940 2902 vita
962 2837 1145 2914 comitante,
1170 2834 1196 2898 si
1221 2833 1293 2918 pin·

139 2941 234 3026 guior
265 2939 373 3003 arrisit
403 2940 551 3020 fortuna,
581 2944 618 3004 nt
649 2942 737 3006 vobis
761 2942 836 3028 quid
860 2948 990 3028 gratum
1021 2941 1145 3006 efficere
1170 2961 1294 3024 queam,

141 3068 192 3111 me
213 3065 339 3128 semper
354 3045 590 3129 paratissimum
605 3045 713 3111 offero.
738 3045 878 3134 Valelte]
892 3049 1037 3113 feliciter.
1062 3045 1109 3110 Ex
1121 3039 1294 3131 Auglusta]

143 3151 236 3217 ..70
259 3149 314 3214 30·
334 3149 484 3233 januarij.

615 3307 823 3314 Μ

688 3428 749 3503 85.

142 3550 334 3624 Hermann
362 3548 517 3624 Schedel
544 3574 593 3623 an
627 3550 842 3622 Hartmann
865 3549 1030 3622 Schedel.
1082 3546 1296 3642 [Nurnberg

652 3672 799 3767 leucu.

509 3828 572 3884 clm.
592 3829 641 3882 441
663 3829 683 3884 f.
701 3828 760 3882 224.
797 3825 927 3896 concept.

144 3954 304 4018 Bietet
345 3952 437 4016 ihm
474 3952 610 4015 einen
649 3949 936 4035 gedruchteu
977 3947 1164 4010 Plinius
1202 3969 1295 4010 zum

143 4057 331 4123 haufan.
371 4051 1296 4121 Nachrichteuiiberneuerwtihltestadt·

713 4190 729 4226 ie

216 4267 227 4318 l
249 4263 292 4319 Ob
310 4264 369 4319 hier
388 4264 448 4317 eine
462 4263 605 4319 wirlrliche
628 4263 754 4332 sendung
768 4263 840 4317 nach
854 4261 929 4316 Tirol
948 4260 1072 4329 gemeint
1085 4260 1145 4313 ist'?
1164 4258 1296 4322 Zarnclre‚

144 4352 194 4408 Die
213 4352 365 4406 deutschen
382 4350 594 4406 Universittten
609 4351 646 4404 im
667 4349 836 4405 Mittelalter
854 4349 905 4404 250
924 4365 958 4402 an
972 4346 1028 4410 101,
1041 4347 1072 4400 21
1094 4345 1223 4400 erwthnt
1242 4344 1295 4399 den

145 4439 282 4494 ausdruck
303 4438 356 4493 »ad
376 4438 501 4492 Athesim
521 4455 550 4493 se
569 4441 660 4507 parat,
681 4436 840 4506 vulgariter
862 4435 904 4490 vff
920 4435 964 4489 die
984 4434 1082 4488 Etsch«
1104 4433 1157 4487 mit
1175 4433 1297 4488 erlhnte-

143 4544 216 4596 rung
224 4526 311 4580 durch
321 4526 372 4580 das
380 4524 511 4579 moderna
522 4526 724 4580 »ausetschen«
745 4523 885 4579 Ulmerist
895 4519 1296 4591 Niirnbergerratsschreiber.
