3092 5244
800 691 862 762 58.

263 825 454 910 Hermann
481 825 634 902 Schedel
662 852 710 901 an
740 829 826 924 [den
862 831 929 902 abt
959 830 1024 905 der
1052 829 1294 927 Nurnberger
1324 833 1409 906 kar-

446 949 584 1025 thause
607 953 662 1046 (l).
697 952 918 1050 Augsburg]
955 955 1053 1028 1464
1085 979 1170 1029 nov.
1202 957 1237 1029 9.

619 1105 682 1158 clm.
702 1105 754 1158 224
771 1103 792 1159 f.
810 1101 883 1160 277⁵.
921 1103 1053 1176 concept.

258 1225 399 1293 Bittet
421 1230 560 1294 sainer
587 1229 901 1294 verstorbenen
931 1230 1232 1316 angehbrigen
1263 1232 1316 1295 im
1348 1253 1411 1316 ge-

636 1334 778 1399 batza
801 1333 1033 1417 gedanken.

291 1471 294 1478 '
346 1469 508 1554 Religiose
532 1473 638 1553 pater!
679 1469 758 1554 Ego,
791 1471 845 1554 qui
879 1470 920 1533 ab
943 1470 1075 1536 ineunte
1099 1476 1183 1538 etate
1205 1475 1309 1541 ordini
1333 1475 1411 1542 Car·

259 1578 445 1642 tusiensium
469 1598 593 1660 semper
609 1575 741 1640 affectus
763 1575 820 1655 fui,
844 1576 992 1660 contigit,
1014 1583 1051 1641 ut
1066 1580 1234 1644 retroactis
1257 1581 1348 1645 annis
1371 1605 1410 1646 ex

256 1682 387 1766 speciali
420 1683 528 1767 gracia
560 1683 594 1747 in
618 1681 759 1764 capitulo
782 1681 945 1764 generali,
977 1682 1060 1764 qood
1090 1688 1167 1748 tunc
1190 1683 1412 1770 Nuremberge

260 1789 489 1870 celebrabatur,
513 1789 551 1854 de
567 1808 719 1854 consensu
736 1792 863 1870 patrum
881 1787 998 1851 ibidem
1014 1789 1092 1852 tnn'c
1108 1791 1312 1856 existencium
1336 1810 1412 1875 par-

257 1894 480 1978 ticipacionem
504 1895 660 1958 bonorum
685 1893 718 1956 in
740 1892 808 1956 vita
831 1891 953 1974 pariter
976 1897 1008 1954 et
1041 1893 1075 1957 in
1098 1900 1203 1961 morta
1225 1917 1282 1979 per
1305 1901 1409 1961 totum

257 1999 399 2064 ordinem
416 1998 664 2065 Oartusiensium
688 2019 746 2082 pro
770 2019 834 2076 me,
869 1997 1074 2080 parentibus,
1109 1997 1263 2065 fratribus
1294 2005 1327 2066 et
1359 2023 1411 2065 so·

257 2105 382 2170 roribus
405 2105 482 2169 meis
506 2104 695 2183 obtinerem,
719 2103 802 2187 quod
819 2108 851 2167 et
866 2123 991 2188 semper
1010 2103 1215 2189 magnifacio,
1263 2105 1307 2169 lla
1323 2126 1412 2191 orgo,

258 2231 321 2294 qua
336 2211 434 2289 decet,
457 2210 651 2287 humilitate,
668 2230 725 2273 uos
736 2229 843 2272 omnes
858 2210 971 2274 vestris
979 2212 1198 2276 recommendo
1213 2212 1413 2277 orationibus

256 2316 387 2394 devotis,
411 2316 593 2400 supplicans
610 2313 799 2393 humillime,
823 2319 860 2378 ut
882 2321 914 2378 et
938 2317 1125 2380 memoriam
1147 2337 1254 2382 eorum
1280 2317 1411 2383 defune-

257 2423 374 2501 torum‚
396 2419 498 2503 patris
520 2420 668 2486 videlicet
691 2425 723 2484 at
746 2419 927 2504 aliquorum
949 2419 1087 2484 fratrum
1118 2425 1150 2485 et
1172 2443 1326 2500 sororum,
1351 2424 1409 2507 qui

256 2547 295 2589 ex
318 2525 377 2589 hoo
395 2525 513 2589 mundo
529 2525 668 2589 feliciter
690 2525 723 2588 in
748 2524 875 2608 domino
890 2525 1081 2610 migrarunt,
1106 2526 1296 2610 participem
1319 2527 1412 2592 bonis

256 2650 314 2713 per
334 2651 390 2695 vos
413 2628 509 2694 factis
534 2634 565 2694 et
588 2629 698 2694 fiendis
715 2629 844 2694 reddere
859 2631 974 2694 velitis.
1028 2629 1204 2696 Mercedem
1220 2633 1261 2696 ab
1284 2654 1330 2712 eo,
1354 2633 1411 2717 qui

256 2736 399 2800 omnium
422 2734 587 2820 largifluus
609 2739 827 2799 remunerator
851 2735 959 2799 existit
976 2737 1022 2818 (et
1039 2736 1101 2818 me)
1118 2735 1409 2802 immarcessibilem

256 2841 415 2925 recipietis
446 2844 478 2905 et
512 2862 562 2904 me
592 2839 729 2903 vicissim
756 2836 811 2924 [ad
835 2837 906 2925 ea]‚
930 2861 990 2923 que
1013 2861 1071 2923 pro
1096 2842 1231 2923 honore,
1266 2841 1411 2907 utilitate

257 2945 377 3010 ordinis
397 2966 548 3030 umquam
572 2944 673 3008 facere
689 2950 833 3028 potuero,
857 2945 1034 3029 obligatum
1063 2944 1141 3028 (me)
1164 2967 1289 3030 semper
1311 2947 1409 3011 habe-

259 3047 343 3129 bitis,
367 3050 439 3114 dam
465 3048 600 3132 spiritus
623 3049 681 3112 bos
712 3049 798 3133 ragit
822 3055 919 3115 artus.
966 3049 1003 3113 ln
1027 3051 1078 3115 die
1102 3049 1259 3116 Leonardi
1284 3050 1369 3116 1464
1383 3051 1405 3115 ¹.

728 3260 937 3268 ——-·-—-.-..

803 3420 862 3493 59.

257 3571 434 3646 Heinrich
462 3569 538 3643 Lur
564 3591 613 3641 an
643 3569 854 3668 [Leonhard
880 3570 1031 3669 cesset}
1083 3571 1270 3666 Dillingen
1309 3571 1407 3645 1465

754 3693 848 3767 febr.
884 3695 914 3766 l.

540 3848 603 3902 olm.
621 3848 708 3902 24849
727 3847 746 3901 f.
765 3847 912 3903 ate-255.
949 3847 1094 3903 Abschrift
1107 3848 1126 3900 ².

256 3973 534 4057 Ermahnung
565 3996 649 4038 cum
688 3973 1024 4039 beschanlichen
1053 3973 1173 4067 leben
1217 3972 1291 4036 und
1326 3995 1409 4037 zum

255 4080 437 4144 studium
471 4080 545 4144 der
583 4079 763 4165 mystica
807 4079 1025 4164 theologia
1064 4080 1147 4143 mit
1187 4075 1410 4144 ausitllea

823 4188 840 4227 Ἰ(

293 4311 296 4320 .
328 4272 339 4324 1
362 4271 418 4326 Das
448 4270 614 4340 gabenbuch
643 4270 692 4324 der
719 4268 901 4339 Ntirnberger
927 4270 1080 4324 karthause
1106 4267 1280 4324 verzeichnet
1305 4285 1329 4323 a.
1344 4267 1411 4337 jahr

259 4358 325 4412 1478
343 4357 416 4414 doct.
437 4356 715 4414 Hermann.Schedel
734 4357 787 4412 mit
807 4358 883 4412 einer
903 4359 975 4426 gaba
993 4375 1048 4413 von
1073 4360 1088 4410 4
1112 4356 1233 4410 blicherii
1253 4356 1311 4408 und
1333 4356 1364 4409 lo
1384 4353 1410 4409 fl.

257 4445 340 4512 Roth,
360 4443 456 4501 (lesoh.
475 4446 532 4500 und
550 4445 757 4515 Beaohreibung
777 4445 826 4500 der
838 4445 946 4502 Niirnb.
960 4445 1116 4499 Karthause
1133 4444 1176 4496 91.
1224 4443 1240 4496 2
1260 4428 1336 4496 liber
1349 4441 1409 4496 ,den

256 4531 340 4586 codex
353 4534 409 4603 vgl.
423 4533 468 4588 die
480 4532 651 4603 einleitung;
674 4532 869 4602 grtestenteils
882 4532 935 4586 mit
947 4532 1006 4586 ihm
1022 4529 1288 4586 thereinstimmend
1308 4528 1345 4583 ist
1364 4527 1408 4583 ein
