3106 5246
807 462 868 526 leo

261 634 323 699 nisi
335 634 376 698 ab
391 634 545 699 altissimo
558 636 669 700 datum
687 657 753 701 esse
777 657 858 716 reor,
877 638 932 720 qui
948 637 1031 702 libra
1044 639 1168 704 iusticie
1180 641 1287 706 omnia
1299 660 1414 723 regens

261 762 318 804 sua
329 740 484 826 singulari
495 741 602 824 gracia
610 741 644 804 in
657 762 690 806 se
702 745 866 825 sperantes
883 764 1057 827 numquam
1073 744 1251 829 dereliquit,
1264 743 1415 810 Cicerone

262 845 360 909 eciem
384 851 493 910 nostro
519 845 704 930 inquiente:
741 847 866 912 »Fortis
882 848 965 912 enim
990 849 1087 914 animi
1110 854 1202 915 estet
1224 850 1415 928 constantis,

261 972 324 1016 non
348 953 529 1035 perturbari
551 952 646 1018 rebus
661 955 792 1038 asperis,
814 959 864 1019 set
879 977 988 1020 omnes
1002 976 1092 1020 casus
1112 955 1274 1039 pacienter
1296 955 1412 1020 ferre«

261 1055 397 1135 Credite,
420 1058 577 1122 neminem
600 1055 676 1144 [me]
692 1079 844 1143 umquam
860 1060 993 1138 audisse,
1016 1060 1071 1144 qui
1089 1080 1159 1124 cum
1174 1065 1260 1124 recte
1275 1066 1414 1144 saperet,

260 1162 477 1248 declinasse[t]
511 1186 529 1227 a
551 1162 658 1226 farore
681 1170 713 1228 et
736 1165 870 1230 veritate
894 1164 1162 1249 augustensium,
1196 1165 1274 1250 quin
1296 1170 1330 1231 et
1351 1166 1415 1249 ipsi

260 1267 380 1332 nullam
397 1269 525 1350 penitus
540 1268 635 1332 fidem
652 1269 695 1332 in
702 1268 774 1352 hijs,
792 1291 853 1353 que
869 1269 948 1352 ipsis
963 1269 1155 1348 obiciuntur,
1185 1271 1387 1336 adhiberent!
1402 1271 1414 1306 ¹

261 1369 435 1437 Concordia
458 1394 551 1457 ergo,
587 1395 650 1458 qua
672 1396 768 1457 parve
792 1396 841 1438 ree
864 1379 1026 1454 crescunt,
1049 1396 1105 1440 voe
1129 1375 1266 1456 firmate,
1289 1375 1414 1456 hortor,

260 1479 419 1542 constanti
434 1478 575 1563 fortique
598 1479 704 1545 animo
728 1501 782 1544 vos
806 1479 916 1546 fulcite
931 1501 996 1547 oro.
1045 1480 1190 1545 Cernetis
1213 1481 1350 1562 undem,
1374 1505 1414 1547 ex

261 1581 323 1665 hijs
346 1582 556 1666 triumphum,
581 1583 717 1668 gloriam
736 1589 768 1649 et
792 1585 943 1650 honorem
965 1606 1020 1650 vos
1046 1590 1306 1669 reportaturum,
1330 1588 1416 1671 quod

260 1694 296 1753 ut
320 1689 388 1765 fiat,
414 1689 521 1754 divina
544 1689 654 1774 gracia
675 1697 875 1774 cooperante,
898 1691 1014 1754 obnixe
1035 1711 1101 1757 oro.

347 1793 511 1859 Valerium
542 1794 717 1860 Maximum
747 1798 836 1861 vobis
873 1797 1096 1880 pignoratum,
1124 1799 1151 1862 si
1185 1819 1244 1880 pro
1281 1797 1419 1882 pecunia

261 1899 368 1963 eadem
390 1899 428 1963 ad
450 1921 564 1964 manue
593 1921 678 1964 meas
706 1899 908 1986 tra[n]sfcrre
941 1901 1092 1984 possetis,
1130 1901 1177 1966 uti
1211 1923 1282 1966 cum
1305 1923 1414 1967 coram

261 2025 359 2068 essem
382 2005 539 2087 petebam,
566 2026 632 2068 rem
656 2007 873 2089 gratissimam
904 2006 1096 2070 exhiberetis
1113 2003 1126 2042 ²
1141 2057 1148 2070 .
1164 2055 1218 2071 ...
1252 2003 1325 2091 [der
1349 2010 1417 2070 rest

261 2108 536 2195 ahgeschnitten]

733 2307 940 2315 ......——

813 2481 873 2553 82.

262 2636 402 2733 Caspar
429 2637 550 2711 Haser
578 2661 626 2709 an
652 2636 866 2710 Hartmann
890 2634 1055 2709 schedel.
1122 2635 1287 2730 Venedig
1317 2635 1413 2710 1469

751 2761 822 2853 juli
858 2759 917 2832 29.

457 2914 520 2970 clm.
539 2916 590 2969 224
609 2913 630 2968 f.
651 2915 712 2970 292.
750 2913 894 2968 Abschrift
911 2913 1073 2968 Hartmann
1093 2911 1230 2971 Schedels.

262 3040 450 3105 Bericht
484 3043 582 3106 tiber
624 3042 702 3105 den
742 3040 910 3103 irrsinn
944 3037 1164 3104 Johannes
1196 3037 1414 3106 Schedels.

348 3180 489 3246 Salutem
524 3182 695 3264 plurimam
726 3183 865 3262 exoptat.
917 3177 1104 3244 Clarissimo
1138 3179 1263 3243 domine
1295 3178 1414 3244 doctor.

262 3285 384 3350 Literas
419 3285 518 3349 unas³
554 3284 769 3369 superioribus
807 3283 916 3348 diebus
956 3282 1124 3348 tabellario
1161 3283 1300 3367 presenti
1335 3284 1415 3349 mihi

261 3395 372 3456 missas
394 3391 535 3477 gaudens
557 3391 664 3474 accepi
688 3389 865 3472 seriemque
881 3410 988 3452 earum
1009 3389 1162 3454 intellexi.
1208 3388 1337 3454 Calamo
1361 3390 1415 3453 de·

259 3498 392 3581 pingere
416 3497 514 3562 vitam
547 3499 712 3580 statusque
735 3494 945 3580 qualitatem,
978 3500 1074 3578 prout
1110 3495 1240 3578 petitis,
1269 3497 1416 3578 germani

260 3603 367 3681 vestri,
391 3602 511 3667 domini
532 3601 700 3680 lobannis,
724 3600 877 3685 quibusve
901 3600 1020 3665 morbis
1045 3600 1257 3678 laboraverit,
1280 3601 1414 3686 longum

261 3711 341 3770 esset
374 3729 542 3785 enarrare,
573 3728 670 3791 quare
705 3705 888 3771 brevissime
923 3711 1149 3770 transcurram.
1193 3701 1305 3769 Vitam
1329 3706 1416 3770 enim

262 3813 328 3875 eius
350 3832 475 3894 semper
497 3812 571 3876 novi
585 3812 846 3890 honestissimam,
875 3832 946 3874 cum
968 3832 1095 3875 consors
1111 3809 1190 3874 mihi
1207 3808 1313 3874 Pedue
1337 3815 1417 3876 erat.

261 3915 309 3980 Ex
330 3917 494 3999 preteritis
516 3919 711 4000 presumitur
733 3918 817 3981 circa
840 3917 958 3981 futura.
1007 3915 1085 3980 Cum
1108 3917 1192 3980 enim
1214 3919 1287 3999 post
1310 3918 1415 3981 moni·

260 4020 343 4084 toria
366 4020 508 4103 plurima
533 4044 590 4106 per
612 4043 685 4086 suos
707 4021 949 4086 contubernales
969 4022 1054 4086 facta
1070 4043 1120 4084 me
1136 4022 1176 4086 ob
1192 4023 1258 4086 eius
1274 4043 1415 4086 amorem

260 4123 439 4189 Ferrariam
470 4127 675 4208 contulerim,
712 4127 814 4210 reperi
845 4148 916 4190 eum
952 4128 983 4190 in
1017 4131 1102 4190 stetu
1126 4127 1414 4210 perficiendiorum,

260 4231 336 4313 quia
358 4232 541 4296 monachari
565 4233 667 4297 voluit
680 4231 833 4311 Ferrarie,
857 4233 917 4296 nisi
935 4232 1191 4316 persuasionibus
1207 4232 1285 4295 meis
1309 4233 1411 4316 ipsum

826 4353 844 4387 ’κ’

331 4450 342 4500 1
365 4447 428 4516 Vgl.
448 4448 492 4502 die
511 4453 667 4518 tusserung
685 4448 802 4504 Mulichs
822 4448 862 4503 St.
880 4448 943 4502 Chr.
957 4447 1044 4511 XXII,
1064 4448 1114 4501 220
1134 4466 1156 4502 a.
1179 4449 1290 4502 14-17.
1353 4449 1369 4502 2
1387 4449 1410 4503 S.

258 4551 282 4592 o.
303 4553 343 4590 nr.
364 4537 405 4592 77.
478 4537 493 4590 3
515 4537 714 4595 Versehrieben
732 4537 777 4592 fiir
797 4537 929 4592 vestras?
