3092 5244
672 483 713 550 85

114 679 235 760 partem
260 677 289 741 id
323 676 443 742 factum
471 698 537 742 ease
568 681 645 744 tunc
667 676 742 742 dixi.
794 675 854 742 Sed
886 677 986 763 quid?
1033 677 1202 768 loquitur,
1227 683 1262 744 ut

115 784 203 864 laici,
240 784 319 870 qui¹
343 783 438 868 opido
462 779 572 849 infecti
602 783 736 850 clericis.
782 781 850 850 Nec
878 804 990 864 curua,
1012 784 1088 849 dum
1109 784 1190 849 bene
1211 805 1268 868 pe·

114 887 203 954 cunio
226 889 259 953 in
282 910 359 954 naua
382 892 448 954 ate
470 890 705 972 expenduntur.
752 887 858 954 Habea
883 910 942 974 pro
963 889 1182 974 comparandi·
1205 889 1265 954 tibi

113 994 202 1058 libris
216 993 425 1062 directionem
439 994 595 1077 optimam
615 993 733 1059 domini
750 991 821 1074 NJ,
845 992 933 1058 onina
949 993 1077 1060 imitare
1099 993 1267 1060 consilium

112 1120 309 1183 summopere
342 1098 464 1166 hortor.
523 1095 634 1164 Libros
667 1121 804 1183 namque
838 1099 985 1182 proprios
1012 1098 1092 1164 fidos
1125 1098 1266 1164 arbitror

114 1205 236 1284 amicos,
261 1205 317 1289 qui
339 1202 398 1268 soli
414 1203 540 1286 integre
555 1203 740 1287 incorrupte
756 1185 1172 1289 rectissimeque'oonaulere
1188 1225 1260 1287 pos·

112 1315 190 1374 eunt.
247 1309 363 1376 lunata
384 1308 482 1374 habes
509 1310 661 1395 pleraque
686 1311 792 1376 omnia
825 1311 864 1376 ad
889 1309 1040 1376 virtutem
1068 1309 1261 1388 adiumenta,

112 1415 298 1480 dexteritate
320 1414 440 1499 ingenij
457 1415 544 1480 valea
567 1415 751 1500 plurimum,
775 1437 874 1501 quare
895 1415 928 1480 in
951 1415 1119 1480 literarum
1133 1413 1263 1499 pericia,

114 1541 172 1584 non
195 1520 324 1606 vulgari
340 1521 401 1585 ista
415 1524 450 1584 et
464 1520 634 1600 communi,
657 1521 709 1586 sed
733 1520 936 1605 diligenciori
960 1520 1095 1606 quadam
1111 1523 1144 1584 et
1159 1540 1261 1583 recor·

112 1624 204 1688 dita²
240 1624 414 1710 precellere
442 1629 473 1690 te
506 1646 698 1711 magnopere
729 1625 811 1692 volo.
864 1624 998 1690 Demum
1024 1625 1056 1688 in
1081 1623 1265 1708 cogniciono

114 1751 216 1794 earum
239 1751 358 1810 rerum,
383 1752 444 1815 que
467 1729 628 1796 advitam
652 1735 684 1796 et
708 1752 810 1797 morea
827 1731 991 1816 pertinent
1021 1765 1058 1778 -
1079 1750 1140 1815 que
1166 1749 1264 1811 prop-

113 1838 195 1899 terea
218 1836 432 1902 humanitatis
455 1837 558 1901 studia
581 1836 808 1922 appellantur,
833 1836 908 1923 quia
933 1835 1094 1901 hominem
1110 1838 1265 1899 exornant

116 1977 148 1984 ·—
167 1945 198 2006 te
213 1941 394 2006 studiosum
409 1946 505 2027 atque
524 1941 730 2008 excellentem
747 1943 878 2008 evadere
894 1943 1007 2027 cupio.
1027 1990 1034 2005 .
1053 1989 1060 2003 .
1078 1990 1086 2005 .
1103 1939 1262 2004 Proximis

114 2047 174 2110 tuis
194 2047 326 2131 scriptis
341 2068 391 2112 me
407 2052 528 2112 certum
545 2049 665 2127 reddas,
690 2049 805 2132 quibus
824 2047 940 2114 studiis
966 2068 1095 2132 operam
1123 2045 1262 2110 adhibes.

112 2149 190 2216 Nam
204 2152 237 2218 id
253 2176 273 2216 a
289 2157 321 2216 te
337 2157 368 2217 et
385 2153 511 2218 litterae
531 2152 655 2239 aliquas
671 2155 832 2220 adomino
848 2153 889 2221 N.
904 2151 916 2190 ⁸
934 2153 1087 2218 hactenus
1103 2150 1194 2216 avide
1210 2172 1263 2214 ex·

111 2258 240 2337 pectavi.
264 2256 417 2336 lnsistere¹
433 2279 509 2343 ergo
525 2259 603 2322 velis
617 2260 854 2343 apodemium,
871 2262 907 2324 ut
922 2258 1051 2337 scribat,
1067 2262 1099 2322 et
1110 2256 1264 2322 indicium

114 2363 183 2424 anni
200 2364 357 2445 presentis
367 2385 424 2447 per
437 2363 626 2448 magistrum
633 2363 675 2428 M.
685 2365 816 2442 factum,
832 2369 869 2428 ut
883 2365 1026 2441 habeam,
1037 2384 1106 2427 cum
1118 2361 1263 2445 proximo

111 2472 274 2533 occurente
294 2467 550 2553 Nurembergcm
571 2470 698 2534 mittere
715 2469 793 2534 velis
809 2469 924 2534 obnixe
939 2490 1027 2554 rogo.
1065 2465 1177 2531 Frater
1188 2472 1263 2530 tuuc

196 2573 207 2607 ⁴
226 2573 373 2640 Veneciis
396 2575 476 2640 bene
497 2574 592 2654 valet,
617 2576 705 2640 cuius
727 2576 881 2639 adventus
904 2574 936 2638 in
959 2574 1024 2638 dies
1044 2575 1230 2656 expectatur
1238 2569 1262 2635 ⁶.

112 2675 267 2764 Obsequio
290 2702 360 2746 meo
375 2681 584 2747 salutacionas
601 2681 755 2766 benignas
779 2701 857 2765 rogo
880 2679 982 2745 dicere
1001 2677 1089 2742 velis.
1126 2675 1261 2740 Domum

110 2783 183 2849 bene
204 2787 311 2851 valera
333 2808 384 2851 me
407 2787 494 2853 scias.
543 2786 762 2851 Valitudinom
778 2791 866 2850 tuam
882 2805 1033 2869 prospere
1051 2787 1083 2847 et
1097 2781 1257 2846 incolume

109 2888 210 2955 divina
221 2913 409 2958 conservare
418 2893 570 2976 dignetur
579 2891 750 2958 clemencia
766 2913 822 2975 per
838 2895 983 2975 tempora
993 2890 1140 2976 longeva.
1167 2888 1234 2952 Ex.
1252 2937 1258 2953 .

644 3219 704 3293 41.

111 3343 230 3420 Ulrich
245 3342 488 3416 Gossembrot
503 3365 552 3413 un
567 3341 693 3416 Ulrioh
708 3342 897 3415 Riederer.
927 3341 1128 3435 Augsburg
1148 3339 1256 3413 1461.

108 3532 182 3588 Nach
200 3534 278 3589 einer
298 3533 403 3588 Zeitaer
422 3531 599 3587 handachrift
617 3531 755 3601 gedruolrt
774 3549 828 3588 ron
849 3531 1040 3586 Wattenbooh
1059 3530 1099 3582 im
1121 3529 1257 3598 Anaeiger

419 3620 437 3676 f.
456 3619 524 3674 lide.
542 3619 597 3673 dtr.
611 3619 723 3675 Vorceit
736 3617 833 3684 XXVI,
854 3619 904 3674 197
915 3617 943 3672 ff.

109 3747 283 3814 llrz'a'hlt
319 3769 399 3812 von
437 3747 581 3812 acinon
619 3748 819 3826 etudien¹
849 3747 920 3810 die
948 3768 999 3810 er
1033 3767 1079 3810 zu
1115 3747 1256 3809 unter-

110 3851 297 3919 breohen
329 3853 527 3937 genttigt
558 3854 628 3916 ist.
684 3853 850 3918 Miichte
883 3852 945 3916 ala
976 3850 1161 3916 famulus
1191 3849 1256 3915 bei

109 3955 315 4024 Riederer
336 3958 493 4022 zutritt
523 3958 662 4024 haben.
712 3957 884 4024 Warrues
907 3958 979 4024 lob
1003 3952 1252 4021 Riederors⁸.

669 4141 686 4180 i*

169 4227 182 4280 1
194 4227 253 4285 cod.
267 4226 374 4283 laioiue.
389 4229 442 4282 Der
451 4228 553 4297 apruoh
564 4245 611 4282 om
619 4227 720 4286 oberen
729 4229 831 4284 rande:
846 4229 921 4286 Laioi
932 4227 1015 4298 opido
1024 4225 1254 4282 auntinfeeticle·

109 4310 174 4366 rioia.
226 4313 317 4367 2th
335 4313 487 4369 recondita.
548 4315 728 4371 3Johannea
748 4317 782 4370 de
795 4316 958 4372 Ratiebona.
1011 4313 1189 4369 thucketiir
1200 4311 1255 4365 den

109 4415 211 4455 namen.
266 4401 524 4456 5Johannealrehrt
538 4403 635 4456 am26.
649 4401 762 4457 februar
777 4405 844 4459 1461
863 4403 934 4457 nach
949 4401 1100 4473 Nnrnberg
1117 4398 1220 4455 anrfick
1232 4416 1257 4460 a.

109 4485 290 4543 wattenbach
302 4488 320 4542 i.
331 4489 358 4544 d.
369 4488 566 4559 Forachungen
577 4490 622 4555 xl,
633 4493 692 4547 352.
759 4494 775 4545 6
786 4491 927 4561 Datirung
939 4491 1011 4544 nach
1020 4491 1070 4548 der
1081 4491 1255 4559 eruthnung

108 4571 153 4627 cler
162 4576 260 4647 [Hanc]
277 4575 473 4644 Hangenaner,
494 4593 618 4633 »soceros
631 4578 772 4648 quondam
785 4578 881 4648 patrui
894 4579 964 4634 mei«
979 4579 1036 4633 nnd
1049 4578 1147 4636 deenen
1159 4579 1257 4638 anicla
