3092 5244
803 457 864 520 122

256 627 435 694 Jehennam
459 629 596 694 student.
653 627 785 694 Gressus
815 631 887 693 tuos
917 652 974 714 per
1003 630 1097 695 eliam
1122 630 1206 696 viam
1230 629 1350 714 dirigas
1372 631 1409 694 ad

257 735 358 800 scolas
381 734 538 818 sapiencie
569 739 601 800 et
633 734 756 801 mistice
785 734 967 820 theologie,
1002 758 1063 820 que
1090 735 1219 800 mistica
1248 733 1411 821 theologia

257 843 381 904 tantum
406 840 528 905 excedit
550 839 748 905 scolasticam
771 839 986 926 theologiam,
1018 844 1055 906 ut
1077 840 1124 906 sit
1148 841 1259 906 doctor
1282 845 1410 906 sanctus

257 943 368 1009 beatus
391 943 538 1024 Thomas,
562 949 716 1029 quantum
745 942 902 1028 Seraphin
926 946 1051 1011 excedit
1072 943 1232 1012 Cherubin
1249 995 1338 1012 .....
1371 945 1412 1010 ΕΙ

256 1047 364 1114 differt
396 1050 501 1134 primo
532 1050 738 1135 atheologia
766 1050 931 1117 scolastica
963 1073 1001 1116 ex
1033 1055 1127 1135 parte
1149 1049 1303 1131 subiecti,
1336 1051 1411 1136 quia

256 1153 419 1240 theologia
450 1153 615 1220 scolastica
647 1155 820 1221 subiective
857 1157 961 1221 estin
994 1155 1178 1234 intellectu,
1210 1156 1263 1220 sed
1285 1156 1411 1221 mistica

255 1259 428 1324 subiective
451 1263 499 1324 est
521 1259 554 1323 in
576 1260 692 1326 affectu
715 1265 748 1326 et
768 1261 945 1328 voluntate.
991 1261 1134 1327 Secunde
1157 1261 1341 1326 differencia
1363 1264 1411 1326 est

256 1385 294 1428 ex
316 1367 409 1448 parte
432 1363 559 1444 obiecti,
582 1387 657 1428 nam
683 1365 850 1431 scolastica
873 1370 920 1432 est
937 1371 1083 1450 respectu
1107 1366 1184 1444 veri,
1211 1367 1338 1431 mistica
1360 1388 1408 1432 re-

254 1472 365 1553 spectu
387 1468 471 1534 boni.
517 1468 647 1535 Tereia:
671 1469 837 1536 scolastica
859 1471 964 1536 utitur
988 1471 1169 1537 racionibus
1193 1469 1409 1536 conformibus

255 1574 486 1659 philosophicis
510 1574 697 1658 disciplinis,
721 1576 847 1642 mistica
869 1581 978 1642 autem
1001 1578 1106 1641 utitur
1130 1576 1284 1641 exercicio
1306 1576 1409 1642 virtu·

255 1684 335 1758 tum,
358 1680 606 1746 mortificacione
628 1680 856 1759 sensualitatis,
880 1681 1026 1746 oracione
1050 1685 1084 1746 et
1102 1681 1299 1765 aspiracione
1322 1703 1408 1747 amo-

255 1804 326 1849 rosa
349 1785 386 1848 ad
419 1785 521 1849 deum.
568 1783 705 1860 Quarta:
737 1786 903 1851 scolastica
934 1788 968 1851 in
1002 1786 1096 1852 scolis
1127 1786 1410 1871 disputacionibus,

255 1889 308 1953 sed
332 1889 457 1955 mistica
471 1891 505 1955 in
521 1891 615 1957 scolis
630 1891 832 1957 oracionibus
848 1892 1036 1977 acquiritur,
1084 1891 1222 1968 Quinta:
1245 1891 1409 1957 scolastica

255 1994 393 2059 habetur
415 2016 474 2079 per
497 1996 661 2073 literatos,
686 1997 810 2062 mistica
833 2019 852 2061 a
875 1998 1019 2083 quolibet
1045 1996 1166 2062 Christi
1189 1997 1284 2076 fideli,
1309 1997 1408 2062 eciam

255 2100 280 2164 si
304 2099 402 2164 fuerit
424 2100 615 2166 muliercula
638 2101 804 2182 illiterata,
827 2107 864 2168 ut
886 2103 964 2168 dicit
986 2103 1070 2168 idem
1086 2102 1242 2168 Thomas:
1269 2101 1326 2167 »ln
1346 2123 1408 2188 qua

255 2204 408 2289 impletur
431 2205 511 2270 illud
535 2206 759 2290 ewangelium:
798 2205 977 2273 »Confiteor
1010 2207 1071 2272 tibi
1094 2227 1151 2271 rex
1174 2205 1233 2271 celi
1257 2209 1289 2270 et
1312 2210 1407 2284 terre,

256 2308 332 2393 quia
347 2309 540 2375 abscondisti
556 2310 614 2376 hec
630 2333 649 2374 a
665 2307 701 2397 [f.
713 2311 791 2394 254]
808 2311 1006 2395 sapientibus
1021 2315 1054 2376 et
1069 2309 1280 2396 prudentibus
1303 2313 1335 2373 et
1357 2329 1402 2372 re·
1534 2397 1535 2402 γ

255 2413 366 2479 velasti
383 2436 420 2478 ee
435 2415 586 2498 parvulis,
605 2416 664 2481 hoc
681 2420 729 2481 est
743 2415 948 2482 humilibus«
981 2415 1093 2482 Sexta:
1109 2416 1141 2479 in
1154 2415 1321 2480 scolastica
1335 2435 1405 2498 spe·

255 2518 393 2584 culativa
417 2520 559 2604 precedit
581 2521 775 2604 practicam,
809 2521 861 2584 sed
894 2521 927 2584 in
950 2521 1076 2586 mistica
1105 2519 1247 2605 practica
1268 2520 1409 2603 precedit

253 2625 506 2708 speculativam¹
531 2674 747 2692 ...........
777 2625 842 2690 Hec
872 2626 1035 2712 theologia
1057 2626 1201 2705 mistica,
1242 2629 1279 2690 ut
1302 2625 1407 2710 inquit

255 2730 311 2794 ille
335 2732 446 2795 beatus
462 2730 601 2796 Thomas
617 2732 656 2796 de
674 2732 811 2816 Aquino,
835 2737 882 2796 est
897 2753 972 2797 vera
988 2731 1158 2815 sapiencia,
1183 2730 1280 2794 idest
1298 2731 1407 2815 sapida

254 2836 390 2901 sciencia
414 2835 671 2916 christianorum,
695 2833 830 2900 aPaulo
845 2835 954 2901 celesti
970 2835 1140 2901 secretario
1164 2835 1285 2915 habita,
1309 2856 1405 2919 quam
1533 2907 1534 2928 χ

254 2941 396 3005 divinum
412 2939 606 3026 Dyonisium
622 2941 738 3019 docuit,
755 2941 810 3026 qui
828 2927 1208 3025 Dyonisins‘Thimotheo
1224 2942 1257 3005 in
1278 2939 1407 3023 scriptis

256 3045 396 3129 reliquit,
416 3068 476 3131 que
492 3047 611 3130 scripta
627 3050 659 3110 et
671 3044 780 3130 plnres
794 3049 951 3110 tractatus
967 3045 1115 3111 videlicet
1126 3045 1261 3111 Joannis
1277 3046 1315 3110 de
1325 3043 1405 3110 Ger·

254 3171 341 3229 sona,
368 3150 443 3214 olim
467 3151 647 3234 cancellarij
661 3149 856 3229 parisiensis,
878 3155 911 3216 et
919 3150 1067 3236 Hugonis
1083 3151 1121 3216 de
1139 3149 1248 3215 Palma
1268 3148 1403 3238 [t254'’]

255 3253 509 3319 carthusiensis*
533 3255 572 3319 de
595 3255 653 3319 illa
677 3256 800 3320 mistica
823 3255 987 3339 theologia
1009 3257 1164 3340 proximis
1186 3256 1310 3322 effluxis
1338 3257 1403 3323 dle-

255 3361 313 3424 bus
334 3360 436 3426 oculis
458 3360 638 3426 carnalibus
660 3362 802 3427 cursorie
825 3363 890 3428 vidi
908 3413 1022 3429 ......

344 3465 521 3550 Epistolam
546 3467 684 3533 scribere
707 3468 896 3552 inceperam,
925 3470 978 3533 sed
1003 3466 1180 3532 exuberans
1202 3469 1335 3533 materie
1358 3469 1405 3533 lo·

254 3571 370 3656 quendi
393 3594 456 3637 non
479 3573 674 3657 paciebatur,
697 3596 729 3639 se
753 3575 791 3638 ad
816 3573 987 3658 epistolare
1013 3572 1234 3657 compendium
1258 3574 1404 3639 coactari.

254 3674 328 3741 Ideo
352 3676 384 3739 in
409 3682 591 3742 sexternum
615 3701 671 3744 seu
692 3679 811 3744 librum
840 3680 975 3763 epistola
998 3680 1107 3755 crevit,
1132 3683 1163 3743 et
1186 3679 1292 3743 evenit
1314 3677 1405 3744 Salo·

254 3779 356 3845 monis
390 3782 541 3862 verbum,
574 3785 658 3869 quod
693 3784 910 3851 faciendorum
942 3785 1098 3851 librorum
1130 3806 1193 3850 non
1226 3785 1289 3848 erit
1320 3785 1402 3850 finis.

254 3881 387 3964 Ultimo,
411 3887 591 3952 dulcissime
613 3890 722 3967 freter,
747 3912 826 3975 rogo
849 3896 881 3955 te
907 3891 1032 3970 obnixe,
1058 3891 1162 3974 primo
1187 3896 1224 3956 nt
1248 3890 1333 3956 inter
1355 3911 1404 3955 se·
1531 3952 1532 3973 ,

253 3991 407 4055 ereciores
437 3992 584 4057 lacrimas
607 3998 678 4058 tuas
703 3995 748 4058 ihi
773 3997 833 4060 mei
863 3996 977 4071 offeras
1008 3997 1208 4073 memoriam,
1240 3995 1296 4060 ubi
1319 3995 1404 4080 patri

252 4097 336 4161 filius
350 4097 554 4181 ymmolatur,
578 4100 760 4179 secundum,
789 4107 825 4165 ut
845 4102 1103 4167 exhortacionem
1120 4122 1222 4166 meam
1243 4101 1355 4165 devote
1371 4105 1403 4164 et
1530 4155 1531 4188 ,

252 4202 415 4285 pacienter
437 4203 594 4270 sustinere
616 4205 703 4286 velis,
729 4208 905 4287 attendens,
930 4209 1012 4292 quod
1036 4212 1069 4271 te
1092 4228 1217 4290 semper
1245 4206 1350 4271 amavi
1375 4211 1406 4270 et
1530 4265 1531 4282 ,

820 4363 836 4401 s<

324 4450 335 4503 l
356 4446 393 4502 n·
411 4450 507 4519 folgen
525 4449 595 4504 noch
614 4447 707 4517 einige
726 4447 828 4504 andere
847 4448 1001 4505 doetrinae.
1055 4451 1072 4504 2
1091 4449 1173 4521 Hugo
1192 4470 1210 4508 a
1234 4451 1342 4518 Palma,
1362 4451 1401 4507 De

252 4535 357 4607 triplici
376 4538 423 4592 via
442 4555 461 4594 s.
482 4536 735 4602 sabricius-Menai,
757 4536 827 4592 Bibl.
848 4537 899 4602 Ill,
919 4537 979 4592 276.
