3106 5246
679 473 739 548 187

136 658 224 724 faris.
270 657 319 723 De
341 658 469 724 doctore
491 659 677 723 assumendo
702 655 879 742 Bamberge
901 679 1077 743 numquam
1107 657 1205 724 alicui
1232 678 1289 722 no·

136 769 239 829 strum
262 763 438 842 constabat,
462 768 493 828 et
510 763 570 827 nisi
587 784 697 846 preces
713 763 850 828 maxime
866 763 1005 828 doctoris
1017 761 1144 828 Nicolai
1158 761 1293 828 Stocker

137 867 345 947 instetissent,
368 870 531 953 nunquam
547 903 589 916 -
605 872 643 932 ut
665 868 784 934 dicitur
800 905 842 915 -
858 872 1039 952 assumptus
1063 868 1185 933 fuisset.
1232 865 1291 932 Sa-

136 973 262 1052 larium,
285 978 321 1038 ut
337 973 441 1052 audio,
465 973 546 1039 exile
562 978 619 1040 est.
656 971 704 1038 De
720 973 898 1056 Ratispona
913 973 997 1038 nihil
1013 974 1092 1038 mihi
1109 974 1289 1038 innotescit.

137 1075 235 1142 Fama
258 1084 324 1158 est,
349 1080 506 1164 quendam
529 1080 688 1144 doctorem
705 1079 859 1144 medicine
875 1080 1019 1163 proxime
1035 1078 1140 1144 Padue
1163 1100 1291 1164 promo·

138 1187 205 1246 tum
240 1188 409 1248 uxoratum
433 1188 475 1264 et,
510 1185 565 1269 qui
596 1189 672 1249 ante
694 1206 810 1268 paucos
841 1205 940 1249 annos
974 1187 1099 1248 rexerat
1124 1183 1226 1250 scolas
1258 1184 1292 1247 in

137 1286 322 1366 salehach,
345 1310 430 1354 nunc
452 1309 519 1352 esse
542 1287 726 1372 Retispone.
779 1291 830 1352 An
847 1310 922 1353 vero
934 1293 1116 1372 assumptus
1131 1289 1188 1369 sit,
1210 1287 1292 1352 nihil

138 1390 217 1456 certi
241 1392 350 1458 audire
377 1392 530 1456 hactenus
560 1392 663 1476 potui,
686 1393 747 1457 nisi
773 1393 811 1458 de
830 1392 1046 1477 lietenburga,
1071 1393 1125 1457 ubi
1141 1393 1293 1478 magister

139 1495 298 1561 Martinus
329 1497 368 1562 de
391 1495 543 1561 Swabach
575 1517 633 1578 per
666 1517 774 1580 preces
798 1496 991 1561 marchionis
1016 1497 1142 1562 Alberti
1177 1519 1212 1563 ac
1235 1519 1293 1581 per

137 1600 240 1666 media
263 1599 425 1666 Schirberi
434 1603 488 1685 (1),
511 1603 562 1666 cui
585 1602 687 1687 gradu
706 1602 994 1685 consanguinitatis
1025 1604 1211 1670 coniunctus
1235 1609 1292 1682 est,

138 1712 169 1770 et
192 1707 321 1770 tandem
343 1707 527 1789 permedia
548 1707 696 1790 magistri
719 1705 852 1772 Steffani
875 1708 1071 1791 appetemrii
1095 1708 1195 1774 eciam
1220 1729 1292 1773 cum

140 1813 215 1877 exili
238 1812 355 1877 salario
378 1812 446 1876 sine
469 1819 625 1897 appoteca
648 1816 829 1897 assumptus
852 1816 915 1891 est,
939 1814 1022 1896 quod
1046 1818 1079 1878 et
1102 1814 1180 1878 satis
1202 1813 1293 1877 tarde

140 1917 219 1981 mibi
242 1917 393 1982 innotuit.
441 1917 530 1982 Haut
552 1918 719 1997 dubitetis,
750 1917 828 2001 quin
852 1937 978 1982 omnem
1001 1939 1131 2001 operam
1154 1939 1213 2000 pro
1237 1938 1291 1981 vo-

140 2023 189 2087 bis
211 2023 313 2086 habeo
336 2028 368 2086 et
383 2021 516 2099 habebo,
542 2027 574 2086 et
598 2045 659 2106 que
684 2022 804 2086 honore
831 2021 1006 2087 utilitative
1032 2024 1221 2101 conducunt,
1245 2044 1295 2086 me

143 2128 318 2192 studiosum
342 2127 421 2191 fore.
467 2124 535 2190 Nec
552 2125 714 2191 fortunam
738 2126 883 2190 incusare
905 2127 1020 2191 velitis.
1066 2126 1197 2192 Dabunt
1220 2132 1292 2192 tan-

139 2233 210 2298 dem
232 2233 327 2297 micis
349 2231 418 2295 fata
441 2232 601 2296 uberrime
624 2253 670 2311 ea,
687 2253 748 2316 que
770 2236 864 2315 grata
893 2231 1026 2296 utiliore
1048 2235 1151 2297 erunt.

227 2335 347 2400 Doctor
361 2333 523 2401 Conradus
538 2335 657 2402 Schucz
680 2337 750 2420 ipso
773 2337 822 2402 die
846 2359 870 2402 s.
896 2336 1033 2402 Dorotee
1057 2336 1150 2422 [febr.
1168 2339 1215 2421 6]‚
1238 2337 1292 2401 iti-

140 2442 209 2506 dem
233 2442 282 2505 die
305 2461 380 2505 vero
403 2442 547 2525 sequenti
571 2440 837 2507 doctorJoannes
859 2442 898 2506 de
918 2440 1122 2528 Ratliepona]
1139 2464 1210 2507 cum
1226 2465 1294 2506 ma-

139 2545 225 2610 xima
247 2567 365 2630 pompa
388 2566 457 2610 cum
483 2547 578 2611 vidua
600 2546 727 2612 Geierin
752 2549 785 2611 in
808 2547 879 2624 foro
901 2547 968 2612 vini
1003 2549 1131 2631 nuptias
1154 2547 1295 2613 celebra·

142 2654 227 2715 runt.
274 2648 387 2716 Cetera
409 2673 447 2716 ex
470 2650 631 2738 Jo[anne]
656 2652 857 2736 intelligetis.

237 2755 427 2840 Supervenit
462 2757 525 2842 hijs
558 2758 669 2823 diebus
704 2759 813 2823 doctor
842 2755 1001 2822 Steffanns
1035 2756 1154 2822 Schucz
1187 2759 1294 2843 splen-

139 2862 211 2926 dide
233 2861 377 2941 vestitus‚
401 2862 456 2946 qui
479 2863 566 2927 omui
581 2863 712 2927 audacia
728 2862 933 2946 practicando
949 2881 981 2925 se
1005 2862 1156 2926 extendit.
1181 2861 1296 2927 Sumus

142 2966 234 3031 modo
258 2965 310 3030 hic
333 2967 489 3032 medicine
511 2967 655 3032 doctores
679 2988 810 3032 numero
832 2967 886 3046 vii,
906 2965 989 3048 juris
1007 2987 1082 3031 vero
1105 2967 1247 3032 canonici
1264 2972 1296 3032 et
1322 3027 1324 3030 .

141 3071 246 3136 civilis
270 3071 402 3136 totidem
427 3074 459 3135 et
483 3093 562 3135 rinus
593 3071 703 3136 doctor
733 3072 903 3155 theologie,
933 3070 1058 3136 Hebrer
1070 3070 1091 3135 ¹.
1143 3071 1296 3156 Speratur

140 3176 173 3241 in
197 3175 274 3256 dies,
297 3182 334 3240 ut
358 3177 484 3256 dicitur,
508 3177 661 3242 adventus
684 3177 906 3262 plurimorum.

711 3513 728 3552 ’l‘

212 3599 225 3650 1
246 3595 388 3653 Jobannes
408 3597 529 3652 Heberer
547 3597 583 3651 de
602 3595 775 3664 Bamberga‚
806 3594 954 3650 canonicus
972 3596 1066 3650 eccles.
1086 3597 1111 3651 S.
1132 3597 1248 3651 Martini
1267 3596 1297 3651 in

142 3684 327 3753 Vorchheym,
340 3686 407 3740 1450
420 3685 462 3739 ale
474 3684 563 3738 decan
573 3684 622 3738 der
634 3682 887 3748 artistenfacnltltt,
904 3683 970 3736 1452
984 3683 1026 3736 als
1046 3686 1137 3739 rector
1150 3684 1206 3738 und
1220 3684 1297 3740 dann

142 3771 211 3827 1459
229 3772 286 3826 und
308 3774 375 3828 1466
395 3773 437 3827 als
455 3772 593 3842 professor
610 3773 641 3826 in
654 3771 773 3842 Leipzig,
796 3770 862 3824 1473
882 3770 925 3823 als
943 3770 1052 3826 solcber
1073 3772 1105 3824 in
1122 3771 1172 3825 der
1190 3772 1297 3828 theolo-

140 3860 256 3930 giscben
276 3860 450 3915 facultates
474 3858 636 3928 ingolstadt
664 3857 856 3914 nachweisbar
875 3875 896 3910 s.
919 3858 1058 3922 Zarnclre,
1093 3858 1141 3912 Die
1164 3859 1296 3913 urkundl.

141 3947 344 4012 (inelimati.
363 3948 390 4001 d.
413 3947 492 4003 Univ.
516 3947 630 4017 Leipzig
648 3947 707 4002 588.
726 3946 785 4001 803.
823 3946 888 4001 cod.
908 3945 1055 4015 diplomat.
1081 3945 1201 4002 Saronie
1221 3947 1297 4016 regie

140 4037 175 4091 ll.
196 4034 247 4090 teil
266 4035 311 4088 bd.
331 4034 378 4098 lll,
398 4035 457 4089 138.
478 4035 536 4089 173.
572 4036 679 4099 Prantl,
700 4036 732 4090 G.
751 4035 776 4089 d.
803 4034 1007 4103 Ludwig-Max.
1022 4034 1103 4089 Univ.
1122 4033 1297 4102 lngoletadt-

141 4121 440 4178 tendehat-Mbnchen
460 4125 479 4186 l,
499 4123 540 4178 33.
561 4154 594 4162 —
615 4123 694 4178 Seiae
712 4123 878 4193 biographie
897 4124 940 4176 bei
965 4121 1122 4191 Wimpina,
1143 4122 1296 4190 Catalogue

140 4211 242 4266 illustr.
262 4210 428 4279 scriptorum
446 4211 476 4264 in
489 4211 615 4280 Liprensi
636 4211 781 4265 academia
799 4230 841 4267 nr.
862 4211 896 4274 V,
917 4209 945 4263 in
965 4210 1014 4264 der
1033 4211 1103 4263 auch
1122 4207 1199 4263 seine
1217 4208 1297 4262 fiber-

140 4297 285 4366 siedslung
298 4297 369 4351 nach
379 4296 537 4367 Niirnberg‚
555 4299 622 4353 aber
634 4299 706 4354 ohne
720 4298 831 4366 angabe
851 4298 899 4352 des
917 4295 1079 4365 asitpunlrts
1092 4296 1234 4349 vermerlrt
1251 4296 1296 4358 iet,

141 4386 318 4440 verneichnet
335 4389 420 4440 unter
438 4384 533 4441 seinen
553 4385 664 4441 werken
678 4385 751 4440 auch
762 4385 905 4454 Epistolae
919 4383 954 4438 ad
973 4383 1097 4437 diversos
1122 4382 1296 4447 innumerae,

141 4489 196 4528 von
225 4471 316 4526 denen
337 4472 437 4542 jedoch
466 4473 537 4528 nacb
568 4472 755 4528 freundlicber
777 4472 941 4539 mitteilung
968 4469 1016 4524 des
1040 4471 1125 4522 herm
1152 4468 1193 4522 dr.
1217 4469 1294 4524 Wal-

141 4561 204 4615 ther
229 4559 300 4614 61111
318 4561 349 4613 in
368 4559 512 4631 Leipziger
525 4560 717 4617 bibliotbekcn
732 4559 822 4613 nichts
842 4575 875 4611 zu
888 4557 981 4612 finden
999 4558 1045 4611 ist.
1071 4556 1192 4611 lleberer
1204 4558 1298 4613 warde
