3106 5246
808 481 872 547 iso

265 656 454 738 lumentum,
479 657 561 742 quod
585 659 697 722 educe
708 693 743 706 -
761 661 798 721 ut
819 656 921 722 fertur
936 695 980 706 -
995 659 1159 723 annuatim
1177 659 1285 740 habet,
1309 661 1341 726 id
1358 661 1419 726 sibi

265 763 386 848 surripi
409 762 575 845 time(re)t,
601 767 633 828 et
656 783 728 829 cum
750 763 814 828 dux
825 761 982 828 Ludvicus
1013 763 1144 829 fulcitus
1167 786 1253 831 nunc
1278 765 1322 831 sit
1344 765 1418 850 phi-

265 870 339 949 sico,
363 869 424 934 tibi
447 869 595 934 ordinare
629 873 748 934 statum
772 869 902 933 minime
930 874 1048 953 potest.
1105 866 1194 943 Quod
1217 868 1244 933 si
1269 870 1420 956 indigna—

266 974 436 1057 ciolnem),
460 994 556 1058 quam
589 995 665 1060 ergo
690 975 907 1059 Augustenses
929 975 1014 1060 gerit
1031 975 1059 1054 ¹,
1092 975 1202 1040 sedata
1227 980 1318 1057 esset,
1342 977 1420 1042 ube·

266 1080 381 1144 morsm
407 1101 443 1144 eo
466 1080 702 1162 promocionem
726 1080 808 1144 inibi
824 1080 940 1159 darem,
965 1084 1013 1145 set
1028 1079 1091 1147 heu
1107 1081 1201 1144 modu
1229 1100 1292 1145 non
1315 1081 1422 1161 datur,

267 1205 366 1269 quare
395 1205 459 1249 non
495 1205 628 1269 parvam
649 1185 807 1251 iacturam
829 1185 944 1250 nedum
967 1185 1048 1250 mihi
1071 1190 1119 1250 sat
1143 1190 1175 1250 et
1197 1185 1270 1269 alijs
1298 1188 1421 1271 practi-

266 1289 411 1354 eautibus
449 1290 501 1354 hic
543 1289 645 1355 affert.
711 1289 752 1354 nt
789 1311 860 1354 cum
889 1291 1088 1356 condiciones
1122 1290 1184 1355 loci
1221 1313 1423 1376 cognoscam,

266 1394 473 1474 consulerem,
497 1394 525 1459 si
548 1400 581 1460 te
607 1394 646 1458 ad
671 1400 796 1478 tempus
826 1394 864 1459 ad
889 1392 1086 1481 Landlthut
1116 1396 1306 1461 transferres
1333 1404 1366 1462 et
1391 1402 1424 1462 te

266 1500 383 1564 ibidem
396 1499 602 1583 praedicando
624 1500 768 1564 usitares.
806 1499 968 1566 Noticiam
989 1521 1137 1584 magnam
1152 1502 1308 1566 nobilium
1324 1507 1423 1586 atque

267 1605 601 1670 circumadiacencium
639 1605 842 1671 contraheres
880 1604 1191 1694 occasionem[que],
1231 1607 1270 1671 ad
1305 1607 1424 1673 altiora

266 1710 408 1795 posthac,
431 1715 468 1775 ut
490 1731 660 1794 sperarem,
686 1712 825 1794 provehi.
874 1711 1023 1788 Quamvis
1040 1713 1124 1777 enim
1147 1712 1265 1778 ibidem
1291 1733 1424 1796 grossus

267 1817 311 1881 sit
335 1815 484 1899 populus,
508 1815 651 1880 liberalis
667 1818 774 1880 tamen
798 1820 853 1897 est,
877 1819 914 1880 ut
929 1822 1077 1900 expertus
1100 1839 1179 1881 sum.
1226 1816 1422 1884 DoctorJo·

271 1919 398 2006 [anues]
415 1917 511 1985 Trost
534 1921 675 2004 phisicus
698 1922 785 1987 ducis
816 1923 1000 2007 frequenter
1031 1924 1143 1989 absens
1174 1928 1277 1988 estet
1304 1923 1424 2007 gravis,

267 2025 294 2089 si
317 2025 423 2104 adest,
457 2026 495 2090 ad
518 2026 710 2091 visitandum
743 2027 897 2107 infirmor,
921 2027 1093 2094 etidcirco
1124 2029 1323 2112 apotecarius
1345 2051 1423 2112 sepe

268 2130 421 2214 conqueri
444 2130 510 2194 eius
534 2131 715 2197 absenciam
731 2131 824 2209 solet,
847 2131 1027 2197 desiderans
1042 2133 1160 2198 babere
1179 2133 1341 2198 doctorem
1366 2135 1424 2199 ad-

269 2237 429 2315 iunctum,
466 2258 559 2320 quern
582 2236 721 2318 dirigere
745 2244 777 2300 et
800 2258 984 2321 promovere
1006 2239 1103 2304 vellet
1126 2241 1160 2304 in
1183 2238 1248 2303 suis
1278 2240 1424 2322 agendis,

269 2341 354 2425 quod
377 2345 410 2405 et
432 2341 636 2425 magnifacio.
683 2341 725 2406 Et
740 2344 815 2427 quia
830 2342 986 2426 singulari
1003 2344 1083 2408 mibi
1098 2345 1203 2408 federe
1235 2345 1425 2409 coniunctus

269 2451 334 2524 est,
365 2467 546 2530 sperarem,
578 2468 649 2511 eum
678 2446 827 2530 spiritum
860 2467 937 2531 erga
958 2452 991 2512 tc
1013 2449 1074 2512 mei
1109 2449 1230 2512 iutuitu
1256 2448 1423 2512 inclinare.

269 2551 358 2628 Quod
373 2552 400 2616 si
413 2551 515 2617 facere
531 2551 763 2630 deliberaveris,
780 2557 900 2618 certum
919 2575 970 2618 me
990 2553 1054 2616 tuis
1070 2553 1198 2636 scriptis
1208 2575 1302 2637 quam
1320 2555 1424 2619 tocius

269 2657 367 2722 facias
388 2661 420 2722 et
454 2657 510 2721 abs
542 2678 632 2722 mora
653 2677 740 2722 meas
763 2644 872 2722 literas
895 2657 933 2721 ad
957 2658 1062 2741 ipsum
1085 2658 1160 2722 dare
1185 2656 1311 2721 curabo.
1361 2658 1425 2723 Re·

269 2785 412 2850 gressum
436 2763 475 2828 ad
499 2763 582 2827 lares
604 2767 754 2847 paternos
777 2783 900 2847 semper
923 2751 1040 2828 babere
1062 2763 1193 2847 poteris.

357 2867 553 2952 Expectatur
580 2867 614 2931 in
638 2867 704 2933 dies
734 2868 888 2932 adventus
911 2867 1048 2934 doctoris
1076 2868 1215 2949 novelli,
1247 2868 1425 2954 m[agistri]

268 2971 441 3061 Jolannis],
464 2973 524 3036 filii
547 2970 720 3060 m[agistri]
745 2971 833 3038 Petri
857 2997 895 3038 ex
920 2973 1072 3039 Bononia.

357 3079 383 3140 A
410 3079 651 3143 conversacione
673 3077 847 3167 m[agistri]
865 3079 1024 3163 H[enrici]
1049 3081 1180 3146 Gurtler
1202 3085 1374 3166 propterea
1393 3087 1425 3146 te

269 3182 454 3248 abstrahere
477 3205 541 3248 non
565 3185 645 3249 velis
667 3185 801 3264 hortor,
824 3207 882 3252 nec
904 3192 936 3252 te
958 3187 1005 3252 ita
1028 3187 1220 3252 familiarem
1249 3187 1277 3250 ei
1302 3187 1425 3266 reddas,

270 3291 307 3353 ut
330 3287 388 3352 hec
410 3287 456 3352 sic
479 3294 610 3354 exarata
632 3291 662 3358 ei
685 3289 855 3375 propalare
879 3290 967 3358 velis.

816 3530 864 3602 72

270 3658 464 3732 Hermann
493 3657 644 3731 Schedcl
680 3682 728 3730 an
753 3657 966 3730 Hartmsun
996 3657 1162 3732 Schedel.
1208 3658 1426 3756 [Augsburg

716 3782 813 3854 mcc
858 3781 976 3881 ende}
1104 3801 1107 3806 ·

620 3921 684 3977 olm.
703 3921 755 3976 224
773 3921 793 3975 f.
811 3916 884 3978 acob.
921 3919 1043 3990 Goncept
1054 3919 1073 3978 ¹.

273 4043 693 4110 Biicheraustausoh:
732 4044 874 4111 briefe
917 4047 984 4110 des
1016 4045 1304 4133 Hieronymus
1340 4045 1425 4110 und

639 4151 850 4216 schrilten
874 4151 1056 4218 Ciceros.

358 4289 502 4355 Salutem
526 4291 697 4375 plurimam
721 4291 806 4356 dicit.
853 4290 972 4357 Doctor
993 4291 1106 4357 eximie
1122 4298 1153 4357 et
1178 4295 1291 4376 patrue
1313 4313 1424 4356 aman·

343 4480 364 4534 l·
376 4478 443 4549 Vgl.
461 4479 731 4535 Sttdte·Ohronil1en
748 4479 781 4543 V,
801 4427 856 4537 sod
865 4483 893 4536 ff.
964 4483 980 4534 2
999 4484 1094 4538 Erstes
1111 4482 1226 4550 concept
1245 4480 1313 4534 ibid.
1330 4481 1349 4537 f.
1363 4482 1424 4535 296.

273 4568 414 4636 Datirung
433 4569 504 4621 nach
526 4569 619 4623 null).
