3092 5244
667 455 709 519 83

116 635 199 699 enim
222 637 255 698 te
278 655 340 698 non
366 635 563 717 postremum
587 631 682 696 huius
706 631 751 695 rei
774 631 932 714 optimum
955 631 1113 696 fautorem
1138 636 1170 696 et
1192 653 1267 716 pro·

118 742 287 816 motcrem,
318 739 373 824 qui
396 738 459 802 sibi
482 737 515 801 in
539 736 687 820 pluribus
708 735 879 821 suffragari
903 737 1032 821 poterit.
1079 735 1161 802 Sunt
1183 738 1267 803 enim

119 845 168 909 hic
190 843 300 926 plures
321 843 383 906 viri
399 843 484 908 docti
507 847 539 906 et
559 841 640 906 alias
656 841 873 907 adolescentes
895 842 1019 927 ydonei,
1042 843 1098 926 qui
1120 843 1147 906 si
1164 843 1268 926 ipsum

115 949 239 1014 doctum
252 953 348 1032 atque
361 949 520 1034 ydoneum
543 948 582 1013 ad
606 947 835 1032 proficiendum
862 947 972 1013 ducem
996 953 1028 1012 et
1049 953 1268 1032 preceptorem

116 1053 233 1119 habere
255 1074 322 1118 sese
344 1053 492 1132 viderint,
516 1054 554 1116 ad
581 1051 639 1118 hec
659 1053 869 1117 humanitatis
891 1053 996 1117 studia
1016 1089 1055 1098 -
1072 1053 1188 1137 quibus
1210 1051 1268 1116 ha-

116 1158 233 1222 bundat
249 1193 293 1206 -
308 1159 500 1242 capescenda
515 1159 746 1230 incitabuntur.
763 1179 798 1222 ac
814 1161 947 1241 propter
963 1158 1030 1222 eius
1046 1157 1188 1222 doctrine
1204 1155 1268 1220 ele·

116 1265 257 1348 gencium
284 1268 317 1328 et
333 1262 551 1351 eloquenciam
567 1263 772 1350 singularem,
788 1284 851 1346 qua
872 1261 986 1349 fulget,
1009 1263 1117 1348 plures
1133 1264 1270 1350 quodam

116 1367 280 1433 literarum
296 1369 409 1433 ardore
431 1369 606 1453 flagrantes
623 1368 696 1453 plus
709 1389 786 1453 erga
798 1390 870 1433 eum
885 1369 1096 1433 incendentur
1111 1369 1144 1431 in
1160 1367 1268 1446 finem,

115 1475 139 1536 si
163 1475 342 1539 uberiorem
367 1476 407 1539 ab
430 1496 467 1540 eo
483 1475 650 1539 literarum
666 1474 817 1538 noticiam
840 1471 979 1537 nancisci
995 1473 1130 1557 possint,
1154 1495 1171 1538 e
1194 1472 1265 1557 qui-

119 1580 173 1642 bus
196 1601 259 1644 non
285 1601 410 1664 parum,
434 1586 471 1645 ut
493 1601 596 1665 rpem,
621 1577 825 1645 emolumenti
850 1573 1106 1665 reportabit[ur].

119 2032 310 2108 Hermann
334 2035 489 2110 Schedel
517 2059 565 2108 an
582 2033 757 2106 Wilhelm
785 2055 859 2106 von
878 2035 1105 2110 Reichenau.
1135 2037 1270 2133 [Auga-

545 2158 639 2252 burg
671 2156 768 2229 1460
779 2152 836 2252 l]¹

481 2310 545 2366 clm.
564 2311 617 2366 224
634 2312 653 2367 f.
672 2311 734 2366 318.
771 2311 902 2381 eoneepc.

204 2434 497 2503 Nachrichten
522 2458 602 2502 von
625 2438 819 2523 magister
840 2435 1030 2502 Jacobus
1053 2436 1177 2504 Sam’.

202 2575 408 2640 Hermannus
430 2574 562 2640 Schedel
595 2576 738 2659 phisicus
761 2574 977 2661 augustensis
1006 2598 1030 2641 s.
1055 2599 1085 2661 p.
1122 2579 1269 2662 impartit

117 2680 227 2744 eximio
251 2679 322 2743 viro
345 2679 472 2744 domino
487 2677 662 2746 Wilhelmo
685 2681 723 2744 de
741 2679 931 2746 Reichenaw
953 2683 1116 2766 preposito
1139 2683 1270 2747 ecclesie

118 2783 328 2868 llystettensis
351 2789 410 2850 etc.
451 2783 619 2850 Carissimo
641 2784 751 2850 frater.
787 2783 950 2850 Sollicitus
965 2807 1002 2850 ac
1023 2784 1164 2871 vigilans
1186 2787 1271 2852 circa

118 2909 160 2966 ea,
183 2913 246 2974 que
269 2889 318 2954 tui
342 2888 472 2954 honoris
503 2894 536 2953 et
558 2895 726 2974 provectus
749 2897 838 2970 sunt,
863 2893 965 2976 quoad
996 2893 1123 2968 vixero,
1147 2914 1272 2977 semper

117 3015 167 3057 ero
189 3017 225 3060 ac
251 3017 326 3060 casu
347 3015 380 3058 se
403 2993 557 3060 offerente
580 2997 670 3061 iuxta
685 3001 799 3079 optata
814 2997 1015 3062 exactissima
1038 3019 1109 3063 cum
1133 2997 1270 3083 diligen·

119 3098 161 3162 tia
177 3100 293 3165 ceteris
308 3100 504 3166 coadiunctis
520 3101 657 3168 efficiam
672 3124 812 3186 operose.
848 3103 1003 3190 Magister
1016 3102 1156 3169 Jacobus
1170 3103 1244 3169 Sam
1259 3103 1272 3140 ¹

118 3206 217 3284 pridie
233 3205 416 3288 Augustam
438 3207 607 3290 applicuit,
632 3209 750 3273 librum
775 3213 884 3274 tamm
899 3231 991 3274 suum
1008 3210 1218 3294 epistolarum
1241 3218 1273 3274 et

118 3311 297 3375 orationum
323 3310 498 3396 Ratispone
519 3315 560 3378 ob
594 3316 796 3399 quorundam
820 3316 937 3380 ibidem
962 3316 1125 3381 fautorum
1148 3316 1272 3381 instan-

118 3415 195 3478 ciam
215 3415 508 3482 transscribendum
523 3417 664 3503 reliquit.
699 3418 796 3496 Dicit,
818 3420 881 3484 sibi
897 3421 929 3484 in
947 3421 1034 3485 brevi
1057 3421 1143 3485 mitti
1159 3419 1272 3504 Augu·

119 3523 205 3584 stam.
244 3519 439 3595 Quantocius
459 3522 561 3605 igitur
577 3524 695 3589 ibidem
710 3524 843 3603 venerit,
866 3544 1006 3606 operam,
1023 3529 1060 3588 ut
1075 3523 1192 3588 habere
1215 3545 1272 3606 po·

118 3625 202 3704 teris,
225 3647 353 3690 omnem
375 3627 482 3692 dabo.¹
512 3628 648 3694 Gratum
675 3631 787 3713 utique
811 3629 984 3706 haberem,
1016 3627 1169 3711 epistolas
1200 3635 1273 3694 tuas

120 3728 236 3809 pluries
261 3732 380 3811 visere,
413 3753 487 3796 nam
509 3755 559 3797 me
583 3734 729 3817 profecto
760 3733 965 3798 familiaritas
990 3753 1099 3798 eorum
1125 3733 1272 3812 delectat,

120 3855 253 3915 qnorum
275 3835 356 3900 mihi
371 3837 529 3900 vetustior
551 3838 670 3902 noticia
687 3839 840 3902 maiorem
864 3838 976 3920 prebet
1000 3838 1033 3900 in
1051 3837 1273 3901 familiaritate

119 3937 273 4006 fiduciam.
319 3940 470 4004 Preterea
492 3939 683 4006 familiarius
706 3943 844 4025 amplius
862 3942 941 4006 mihi
966 3942 1127 4007 tibisando
1150 3941 1274 4006 scribas

119 4044 219 4124 velim,
244 4045 395 4130 quoniam
417 4045 501 4109 zelus
524 4044 660 4110 fraterni
683 4069 718 4110 ac
742 4047 849 4110 intimi
873 4049 991 4112 amoris
1014 4048 1087 4132 plus
1111 4047 1272 4112 tibisando

123 4169 214 4230 quam
237 4151 411 4214 vobisendo
436 4171 506 4214 meo
522 4150 638 4216 iudicio
652 4152 836 4216 dinoscitur.
886 4152 1113 4217 Detestandam
1136 4152 1274 4235 denique

686 4276 705 4312 a

185 4361 197 4413 l
219 4357 360 4429 Datirun'g
379 4359 515 4426 unsicher,
536 4359 685 4430 jedenfalls
705 4377 755 4414 vor
774 4378 816 4415 nr.
829 4360 871 4424 50,
891 4359 941 4413 das
960 4357 1088 4414 offenbar
1106 4361 1203 4427 spttcr
1223 4356 1275 4409 auf

122 4443 164 4498 die
181 4447 319 4502 rdckseitc
338 4446 386 4501 des
404 4447 511 4502 blattea
530 4447 709 4517 geschrieben
729 4446 774 4502 ist.
807 4448 874 4502 Hier
894 4447 967 4500 nach
980 4446 1043 4500 dem
1062 4443 1270 4518 schlullsatcau

122 4530 193 4587 1460.
263 4535 280 4588 2
299 4519 374 4589 Uber
393 4533 443 4587 ibn
462 4553 482 4587 s.
503 4533 695 4589 wattenbach
712 4535 743 4588 in
762 4535 789 4588 d.
809 4534 1004 4603 l'orschungeu
1023 4530 1070 4598 Xl,
1090 4534 1141 4589 355
1161 4531 1190 4585 ff.
1253 4539 1255 4542 '

1024 4625 1065 4678 6*
