3092 5244
694 457 757 522 lav

140 630 293 694 memorie
331 630 453 716 egregij
488 635 521 696 et
551 631 726 698 doctissimi
759 632 879 698 domini
911 635 944 699 in
977 636 1112 702 decretis
1134 636 1294 703 licenciati

15 743 16 790 ᾗ
140 732 326 801 Leonbardi
351 734 471 817 Geseel,
495 737 607 802 decani
631 743 663 802 et
686 738 830 804 canonici
846 741 975 806 ecclesie
993 740 1207 826 Augustensis
1229 763 1295 808 me-

141 839 301 920 ritissimi,
332 861 463 927 gemens
486 845 520 907 et
542 843 621 908 flens
642 841 814 908 Heinricus
828 842 893 910 bur
914 843 1048 911 salntem
1072 847 1179 911 luctus
1202 853 1234 911 et
1250 846 1295 910 la·

138 949 247 1009 menta
270 947 435 1030 presentis
457 947 585 1012 miserie
607 947 806 1014 considerare
830 953 862 1014 et
878 950 912 1015 in
929 971 976 1026 eo,
1000 952 1055 1035 qni
1079 951 1221 1014 omnium
1244 973 1293 1014 sa·

137 1048 186 1112 lua
209 1055 270 1130 est,
298 1072 438 1137 sperare.
485 1049 568 1130 Heu,
592 1052 663 1131 hen,
686 1051 795 1118 dilecti
832 1053 948 1120 fratres
979 1061 1012 1120 et
1034 1055 1128 1120 amici
1151 1054 1295 1140 singula-

136 1152 268 1236 rissimi,
293 1174 381 1224 mors
402 1157 537 1223 abstulit
561 1158 660 1242 vitem
682 1161 844 1239 nostram,
877 1161 1006 1226 recessit
1028 1183 1047 1225 a
1069 1159 1162 1225 nobis
1184 1165 1295 1242 pastor

136 1259 300 1342 optimus,
334 1263 399 1328 dux
423 1269 532 1329 noster
555 1269 588 1329 et
612 1263 749 1330 bellator
771 1264 882 1347 fortis,
906 1267 1023 1351 capitis
1046 1266 1147 1331 nostri
1170 1266 1295 1349 interijt

138 1383 268 1446 corona,
295 1367 426 1432 lucerna
443 1371 552 1434 nostra
569 1370 711 1436 extincta
727 1374 787 1450 est,
804 1376 835 1437 et
853 1373 957 1458 caligo
974 1374 1175 1438 tenebrarum
1199 1372 1296 1436 irruit

136 1467 168 1532 in
191 1492 263 1552 nos,
297 1476 329 1538 et
353 1473 386 1539 in
410 1473 532 1540 luctum
556 1495 665 1540 versus
687 1480 735 1540 cet
757 1474 872 1541 chorus
888 1482 1005 1544 noster.
1041 1476 1214 1542 Acerrimis
1236 1478 1294 1540 sti·

136 1574 233 1640 mulis
258 1577 382 1644 doloris
405 1577 510 1645 fodior
533 1588 566 1645 et
581 1581 736 1646 interiora
750 1603 820 1646 mea
836 1581 1055 1663 vulnerantur,
1080 1583 1154 1646 dum
1169 1581 1296 1647 intueor

137 1680 253 1748 relicta
277 1689 311 1748 et
334 1685 465 1750 attendo
487 1706 523 1750 ac
555 1686 717 1770 perpendo
744 1687 897 1753 beneficia
926 1688 1104 1754 multifarie
1138 1687 1216 1752 milri
1240 1709 1294 1752 ex·

137 1783 244 1852 hibita
268 1791 303 1854 et
325 1789 478 1874 impensa,
503 1794 535 1855 et
550 1790 597 1854 nil
620 1789 708 1855 aliud
730 1813 859 1875 possum
871 1795 1065 1876 depromere,
1088 1793 1151 1857 nisi
1173 1791 1293 1856 lamen·

136 1893 204 1954 lum
229 1897 264 1958 et
280 1894 477 1980 perlugubre
492 1917 619 1962 carmen
636 1901 668 1962 et
683 1898 915 1978 amaritudinis,
949 1922 996 1964 ve.
1042 1897 1138 1963 Pater
1159 1898 1294 1962 carnalis

135 1993 222 2060 dedit
246 2019 326 2076 esse,
353 1999 407 2065 hic
431 2002 509 2066 bene
531 2022 607 2066 esee.
655 2000 716 2066 Hic
739 2001 804 2068 luit
820 2004 918 2070 michi
934 2005 1106 2090 graciosus,
1129 2003 1167 2068 ad
1191 2024 1293 2068 mores

135 2104 343 2186 compositus,
366 2105 476 2171 firmus
499 2107 534 2171 in
555 2106 744 2187 dileccions,
781 2114 964 2174 mansuetus
986 2109 1018 2173 in
1043 2109 1205 2187 societate,
1228 2111 1293 2172 sta-

135 2205 209 2272 bilis
231 2208 269 2274 in
293 2211 460 2294 promisso,
484 2212 577 2277 fortis
600 2211 640 2276 ad
662 2213 869 2295 pacienciam,
891 2236 1011 2298 pronus
1026 2215 1065 2280 ad
1082 2212 1293 2292 concordiam,

137 2311 169 2374 in
191 2313 323 2398 iudicijs
347 2321 462 2396 rectus,
485 2317 518 2381 in
541 2317 701 2402 loquendo
724 2341 820 2383 verax
843 2324 875 2384 et
898 2320 1076 2400 modestus,
1100 2320 1133 2384 in
1156 2318 1294 2384 iubendo

9 2435 10 2450 ³
134 2417 304 2502 discretus,
328 2423 361 2486 in
384 2422 622 2506 dispensacione
645 2424 831 2504 industrius,
855 2427 888 2490 in
911 2427 1035 2510 agendo
1057 2431 1223 2504 strenuus,
1249 2423 1292 2510 ¹pin

136 2525 321 2592 auxiliando
347 2528 515 2608 sollicitus,
537 2528 571 2592 in
595 2529 737 2612 consilijs
760 2530 860 2608 fidus,
890 2531 923 2595 in
948 2530 1206 2614 responsionibus
1230 2530 1291 2593 cir·

136 2636 339 2717 cumspectus
361 2633 449 2696 etin
473 2633 621 2698 universa
644 2655 769 2698 morum
793 2635 959 2700 honestate
981 2635 1145 2719 preclarus
1159 2683 1293 2699 ......

136 2731 198 2802 Hic
220 2738 347 2802 assidue
378 2737 478 2803 libros
507 2738 590 2822 legit
612 2744 644 2804 et
665 2739 728 2804 fnit
753 2740 844 2824 quasi
868 2740 997 2805 lucerna
1019 2739 1194 2809 luminosa.
1232 2762 1293 2824 que

137 2861 200 2906 non
223 2845 284 2909 sub
309 2844 415 2909 modio
438 2845 592 2928 temporie
616 2848 649 2909 et
671 2844 789 2909 desidie
811 2844 952 2924 latebat,
981 2845 1034 2909 sed
1058 2866 1153 2928 super
1178 2845 1292 2909 caude-

138 2944 267 3016 labrum
289 2950 323 3014 iu
347 2950 439 3015 domo
463 2949 585 3015 domini
607 2951 713 3035 posita
728 2951 875 3014 tenebras
899 2949 1024 3034 fugavit
1048 2947 1216 3014 etfaciam
1239 2953 1292 3014 to·

138 3052 202 3118 ciue
219 3054 351 3120 ecclesie
364 3055 579 3140 Augustensie
595 3062 758 3141 tamquam
773 3056 860 3121 sidus
874 3055 1069 3121 matutinum
1085 3076 1142 3120 sua
1157 3055 1291 3120 sciencia

137 3179 172 3225 ae
193 3160 344 3227 facundia
366 3159 546 3226 irradiavit.
590 3159 629 3224 In
653 3159 820 3226 Salomone
843 3161 907 3227 fuit
930 3161 1107 3245 sapiencia,
1132 3160 1166 3224 in
1190 3158 1291 3225 David

138 3263 276 3346 bonitas,
299 3265 333 3329 in
355 3265 419 3330 Jcb
442 3265 613 3350 paciencia,
638 3267 670 3330 in
699 3265 833 3331 Daniele
855 3267 1039 3332 futurorum
1063 3266 1227 3349 cognicio,
1259 3265 1292 3329 in

138 3367 236 3437 Petro
251 3370 338 3450 fides,
361 3371 395 3436 in
409 3370 446 3455 [f.
460 3370 538 3454 257]
550 3370 708 3452 Linees(!)
725 3378 758 3436 et
768 3370 869 3436 Paulo
882 3372 977 3451 zelus,
997 3371 1030 3435 in
1047 3371 1160 3435 ceteris
1176 3374 1290 3435 cetera.

137 3471 174 3540 In
189 3476 250 3542 illo
270 3480 377 3542 autem
393 3476 441 3541 nil
455 3476 622 3556 mediocre,
645 3476 698 3541 aed
716 3475 791 3558 quid
807 3475 892 3539 ultre
915 3476 1002 3540 fuit?
1034 3474 1071 3538 In
1094 3475 1217 3540 incessu
1238 3497 1292 3538 ve·

137 3581 309 3661 nerabilia,
347 3581 548 3665 benignitate
571 3581 728 3660 affabilis,
752 3580 892 3644 moribus
916 3578 1093 3656 imitabilis,
1117 3578 1291 3643 rebellibus

137 3685 353 3754 inexorabilis.
403 3685 630 3752 Verumtamen
652 3687 861 3771 indignitate
885 3691 916 3750 et
939 3684 1052 3750 officiis
1069 3685 1207 3768 rigorem
1230 3706 1287 3749 au·

138 3792 294 3858 steritatis
308 3793 509 3876 temperabat
522 3793 555 3856 in
572 3814 608 3857 eo
619 3792 829 3858 mansuetudo
845 3790 1048 3856 humilitatis.
1089 3789 1288 3876 Delinquen·

704 3916 724 3952 ἱ·

137 4005 307 4064 Valentinus
326 4008 420 4078 aeigt,
446 4008 525 4063 nicht
544 4007 600 4062 alle
618 4006 779 4076 geisericus,
809 4008 869 4064 also
888 4008 960 4064 wohl
980 4011 1063 4064 unter
1081 4007 1145 4063 dem
1164 4008 1292 4062 humaui·

137 4096 259 4152 stlechen
279 4095 485 4152 freundeslrreis
505 4095 612 4151 Gesaels
641 4114 675 4150 au
698 4097 811 4152 anchen.
855 4095 976 4152 Thomas
1002 4095 1097 4150 diirlte
1119 4094 1291 4151 Oedenhofer

137 4183 204 4251 sein,
225 4183 274 4239 der
293 4183 363 4240 noch
385 4184 453 4240 1480
473 4183 515 4237 als
535 4183 628 4238 delvan
646 4202 679 4238 au
692 4184 732 4238 St.
746 4181 846 4239 Morita
865 4183 1004 4239 erecheint
1021 4184 1164 4253 [Khamm‚
1180 4182 1290 4237 Hierat-

136 4272 198 4327 chia
218 4272 254 4339 Il,
269 4274 291 4335 l,
313 4273 363 4328 108
381 4271 439 4343 vgl.
460 4271 531 4328 oben
552 4289 593 4325 nr.
607 4271 661 4342 25],
682 4271 827 4327 Johannes
845 4269 894 4324 der
913 4268 1075 4325 domknstos
1091 4269 1222 4336 Keutsch,
1242 4267 1291 4323 der

136 4359 236 4414 immer
254 4358 308 4412 mit
327 4358 423 4414 Gessel
441 4375 602 4414 zusammen
630 4359 756 4429 genennt
776 4357 846 4411 wird
875 4359 904 4424 [a.
924 4357 995 4413 oben
1021 4375 1063 4414 nr.
1084 4359 1124 4414 16.
1144 4358 1198 4428 39].
1234 4353 1291 4412 Va·

137 4445 260 4502 lentinas
279 4446 317 4501 ist
336 4447 410 4503 wohl
442 4447 513 4501 Eber
542 4445 598 4501 und
620 4446 764 4502 Heinricus
785 4443 1016 4500 vvahrscheinlich
1035 4443 1091 4499 Lur
1116 4443 1203 4499 selbst
1232 4445 1290 4514 vgl.

138 4533 207 4590 oben
225 4551 245 4590 ι.
269 4535 319 4590 111
340 4551 416 4594 anm.
437 4537 459 4587 l.
