3106 5246
666 712 734 785 69.

127 849 324 923 Hermann
353 849 507 924 Schedel
541 875 589 924 an
619 851 799 926 Heinrich
823 853 909 926 Lur.
966 853 1165 950 Augsburg
1185 856 1281 929 1466

448 1051 451 1056 ,
614 998 699 1070 aug.
740 976 798 1050 16.

407 1127 471 1182 clm.
490 1127 576 1186 24847
595 1128 615 1185 f.
634 1129 796 1186 arra-282.
834 1128 979 1186 Absohril't
992 1131 1007 1184 ¹.

131 1253 329 1318 Antwort
352 1253 520 1318 eufden
545 1254 668 1320 brief
689 1255 802 1321 Lurs.
858 1254 1190 1340 Verteidigung
1212 1256 1284 1320 der

129 1358 598 1426 humanitiitsetudien.
644 1360 925 1445 Eriduterung
948 1357 1280 1425 eeinerauffas·

421 1485 533 1549 sung
557 1466 631 1532 der
653 1466 746 1531 vita
768 1466 989 1532 solitaria.

220 1606 467 1671 Accuratissimo
491 1607 569 1671 iuria
587 1606 741 1690 pontificij
758 1605 928 1672 licenciato
945 1611 1004 1670 etc.
1050 1603 1201 1670 Heinrico
1215 1603 1281 1669 Lur

128 1710 332 1776 Hermannus
355 1710 488 1777 Schedel
522 1712 665 1795 phisicus
699 1711 910 1796 Augustensis
942 1711 1079 1776 salutem
1112 1709 1282 1793 plurimam

126 1820 230 1900 optat.
276 1816 452 1902 Epistolam
474 1819 563 1881 tuam
586 1816 684 1902 longa
716 1817 886 1882 verborum
918 1816 1000 1880 serie
1029 1815 1204 1879 animitate
1228 1820 1284 1880 tua

125 1920 225 1985 michi
249 1926 467 2006 presentatam
483 1922 616 1988 iocunde
633 1923 710 2006 legi,
734 1923 767 1986 in
785 1946 848 2008 qua
868 1923 906 1988 ad
925 1921 1052 2005 singula
1069 1943 1148 2005 pene
1163 1921 1284 2004 scripta

128 2027 286 2109 preterita
309 2028 477 2111 respondes
502 2031 534 2091 et
557 2027 691 2112 quedam
708 2027 775 2092 illic
798 2027 882 2092 dicta
898 2026 1028 2092 refellis.
1075 2024 1186 2089 Placet
1203 2047 1281 2110 quo·

128 2152 192 2214 que
214 2152 273 2214 par
295 2132 365 2215 pari
389 2130 520 2210 referre,
544 2139 660 2198 natura
681 2133 765 2197 enim
791 2155 853 2198 non
876 2133 970 2212 sinit,
994 2135 1031 2197 ut
1053 2133 1126 2196 dum
1150 2131 1280 2215 paulurn

128 2235 314 2318 pungimur,
338 2257 400 2300 non
431 2238 529 2302 eciam
546 2238 735 2322 quandoque
751 2239 1005 2316 remordeamus‚
1029 2237 1148 2322 quippe
1170 2235 1283 2320 apibus

126 2339 233 2404 mellis
256 2345 288 2404 et
311 2340 450 2407 dulcoris
473 2343 717 2410 confectricibus
754 2343 880 2408 aculeos
912 2342 1030 2407 inditos
1053 2362 1119 2405 esse
1142 2341 1284 2405 videmus

130 2446 172 2509 ad
195 2445 269 2524 vim,
292 2446 318 2510 si
344 2469 406 2532 qua
427 2449 488 2512 sibi
510 2449 679 2528 inferatur,
702 2448 961 2533 propulsandam.¹
993 2447 1106 2531 ltaque
1128 2467 1200 2510 cum
1224 2468 1283 2524 me,

125 2550 220 2636 pugil
242 2573 380 2632 severae,
404 2555 543 2638 undique
567 2576 733 2640 oppugnes
758 2559 790 2619 et
806 2553 922 2617 ictibus
948 2552 1012 2617 tuis
1032 2556 1194 2635 tamquam
1218 2548 1282 2614 ful·

124 2656 267 2722 minibus
290 2658 453 2741 percellas,
476 2664 596 2742 patere,
621 2681 730 2743 queso,
755 2664 790 2722 ut
813 2657 979 2742 paululum
1005 2657 1127 2720 renitar
1150 2659 1182 2718 et
1205 2655 1281 2718 resi-

123 2767 221 2827 stam.
256 2760 427 2847 Inprimis
453 2768 559 2829 tamen
574 2763 710 2838 affirmo,
734 2763 760 2827 si
773 2763 904 2827 tantilla
927 2762 1119 2845 scriptorum
1136 2760 1280 2845 priorum

694 2896 712 2936 ²l‘

200 3004 213 3057 1
235 3003 328 3060 Ereter
346 3007 469 3060 antwurl
485 3006 549 3060 clm.
562 3007 614 3060 224
626 3004 664 3060 bl.
685 3004 750 3060 2‘ldl'
769 3005 824 3060 und
844 3004 881 3060 bl.
907 3004 957 3060 287
976 3003 1283 3074 (zusammengehdrig),

121 3089 246 3158 aweiten
266 3091 317 3147 mit
336 3109 447 3148 unserm
466 3092 550 3150 codex
572 3092 746 3164 volletllndig
776 3092 871 3148 therei
884 3093 1068 3157 nstimmend‚
1087 3092 1154 3147 ibid.
1173 3093 1210 3150 bl.
1231 3093 1282 3147 293

123 3178 186 3232 und
205 3179 255 3234 305
275 3181 585 3252 (zusammengehorig).
624 3181 700 3235 Auch
722 3181 790 3246 hier,
816 3182 868 3238 wie
887 3182 957 3236 oben
977 3199 1020 3235 nr.
1040 3183 1090 3245 63,
1113 3183 1212 3237 notate
1231 3197 1281 3235 aue

121 3266 190 3320 dem
209 3265 297 3322 brieIe
315 3267 385 3322 Lure
404 3268 461 3323 und
480 3270 591 3340 angabe
610 3270 699 3325 seiner
717 3271 829 3339 quellen
850 3265 988 3341 [f.274¹']:
1023 3269 1093 3325 Vide
1110 3270 1140 3324 in
1154 3269 1282 3341 epistulis

121 3354 265 3410 Francisci
283 3355 432 3411 Petrarehe
450 3373 493 3424 ep.
513 3357 538 3410 8.
557 3356 596 3410 ibi
616 3357 645 3410 2ῦ
663 3357 730 3414 foi:
771 3355 822 3410 Cui
843 3357 932 3430 igitur
957 3357 1102 3426 ingenium
1120 3357 1232 3414 deest..
1251 3357 1283 3410 ln

119 3442 269 3496 invectiva
288 3443 334 3513 [ec.
348 3443 461 3514 Poggii]
485 3444 514 3498 in
527 3443 709 3500 Laurentium
723 3443 808 3499 Valle
820 3445 859 3498 ibi
872 3444 945 3500 circa
959 3444 1140 3515 principium:
1162 3445 1210 3498 liet
1222 3460 1282 3514 pre-

120 3535 206 3584 terea
224 3530 254 3584 in
272 3548 398 3588 sermone
422 3533 601 3602 quottidiano
621 3534 671 3588 ete.
691 3535 719 3587 et
738 3534 767 3586 in
786 3533 916 3600 margine
934 3534 997 3587 rota
1016 3533 1281 3598 fortune....Quid

120 3615 190 3685 agit
208 3617 336 3674 solitudo.
377 3619 414 3675 De
433 3619 598 3690 ignorancia
618 3620 660 3674 sui
679 3622 708 3674 et
730 3620 848 3674 aliorum
871 3619 938 3675 folio
957 3620 994 3686 4⁰,
1015 3619 1061 3673 ubi
1084 3620 1114 3673 in
1136 3621 1282 3692 margine:

119 3703 194 3774 quid
213 3705 272 3775 egit
290 3705 420 3772 solitudo,
440 3709 469 3762 et
487 3707 561 3761 idem
577 3708 622 3778 [sc.
637 3707 781 3778 Petrarca]
795 3709 825 3761 in
841 3705 937 3762 libello
949 3724 1036 3776 parvo
1049 3707 1250 3763 lol.281ittera
1262 3709 1280 3761 l.

116 3790 201 3846 Idem
220 3791 251 3846 in
269 3793 411 3850 invectiva
429 3795 458 3848 in
477 3813 618 3865 procacem
640 3795 779 3850 medicum
798 3795 869 3851 libro
887 3797 904 3850 4
922 3813 983 3865 cap.
1004 3796 1017 3849 l
1044 3798 1073 3850 et
1090 3796 1115 3850 2.
1166 3795 1282 3850 Videat

117 3881 296 3936 invectivam
315 3882 413 3952 Poggij
432 3883 462 3938 in
481 3883 638 3940 sacerdotes
651 3923 699 3940 ...
721 3884 804 3940 Ponit
818 3882 1063 3940 abhominaciones
1083 3883 1167 3938 aulici
1179 3885 1280 3938 status.

121 3965 198 4023 Vide
209 3967 342 4039 [Poggio]
355 3969 390 4025 de
402 3969 571 4026 infelicitate
590 3970 748 4042 principum
762 3975 792 4024 et
809 3971 884 4026 idem
898 3971 987 4026 alibi.
1001 4011 1007 4024 .
1022 3971 1123 4028 ,Ponit
1135 3971 1281 4028 devestitu

118 4054 297 4112 medicorum
310 4060 361 4112 etc.
383 4055 454 4113 Vide
466 4057 496 4112 in
514 4057 637 4127 epistula
647 4058 689 4114 Jo.
700 4057 754 4114 Rot
766 4061 864 4116 contra
883 4058 996 4114 iuristae
1005 4099 1100 4116 ......
1111 4059 1141 4113 in
1160 4059 1282 4130 epistula

119 4142 225 4212 Poggij
245 4143 275 4197 in
293 4143 433 4199 Juristas.
448 4187 453 4200 .
469 4188 474 4201 .
488 4143 560 4201 Vide
578 4146 731 4216 epistulam
751 4148 824 4202 ltnee
845 4146 880 4202 de
893 4145 1055 4202 defensione
1073 4147 1162 4218 poesie
1174 4189 1179 4201 .
1193 4188 1210 4203 ..
1225 4147 1281 4202 ,De

119 4231 270 4289 mendacio
287 4233 317 4288 in
335 4233 456 4304 epistula
479 4235 614 4291 Jeronimi
640 4235 670 4290 in
694 4235 793 4308 papiro
814 4236 848 4306 (l)
867 4236 916 4293 fol.
949 4236 1008 4293 133.
1027 4267 1060 4276 -
1080 4236 1163 4290 Danu
1193 4237 1279 4290 noch:

120 4318 184 4374 Nec
207 4336 251 4374 me
269 4321 307 4375 ad
334 4323 511 4392 voluptatem
538 4323 624 4380 libros
648 4327 691 4379 eet
716 4325 864 4397 mageplus
893 4325 929 4379 ad
958 4324 1116 4380 utilitatem
1145 4323 1278 4395 legendos

117 4412 263 4479 tempore,
289 4428 344 4479 quo
361 4410 498 4468 medicine
521 4413 615 4469 studio
633 4412 787 4482 (insudare)
806 4433 862 4470 non
893 4414 1001 4479 insudo,
1031 4414 1089 4468 vid.
1109 4415 1140 4468 i'n
1158 4415 1282 4485 epistula

119 4499 170 4554 iol.
190 4499 242 4553 242
259 4497 340 4568 [doch
359 4500 431 4554 wohl
450 4500 525 4556 eines
544 4501 743 4558 Schedelsclren
763 4501 946 4572 brielbuchs.]
