3092 5244
684 473 746 540 107

17 629 18 672 l
134 653 283 718 titudinis
304 675 340 718 ac
363 649 466 717 omnis
490 649 620 714 ferenda
643 649 774 716 fortuna
797 655 855 716 est.
903 649 987 718 Nam
1003 657 1039 718 ut
1053 649 1199 721 Ciceroni
1215 656 1285 741 pla·

17 769 18 772 ’
133 761 190 834 eet,
215 780 251 822 ea
274 756 457 824 condicione
489 753 555 818 neti
578 776 706 834 sumus,
739 761 776 820 ut
807 757 958 841 quicquid
989 760 1111 826 adversi
1135 753 1286 839 evenerit,

133 884 212 946 equo
235 863 343 928 animo
364 861 448 925 ferre
472 861 650 925 debeamus.
686 861 730 926 At
744 860 903 946 Virgilius
919 867 1044 927 noster:
1081 864 1204 930 »Multa
1220 865 1286 930 dies

134 969 301 1053 variusque
323 967 415 1032 labor
439 965 602 1030 mutabilis
625 967 674 1030 evi
697 967 810 1031 retulit
827 968 860 1031 in
885 969 1006 1048 melius,
1030 969 1148 1034 multos
1163 971 1287 1036 alterna

133 1074 271 1138 revisens
293 1073 371 1138 lusit
394 1073 483 1138 etin
511 1070 612 1136 solido
635 1093 743 1138 rursus
764 1073 893 1137 fortune
922 1073 1069 1138 locavit«
1119 1073 1286 1140 >Omnium

133 1178 229 1242 eciam
256 1200 364 1244 rerum
385 1177 568 1243 vicissitudo
592 1181 670 1256 est«
695 1177 742 1242 ait
757 1175 930 1242 Terencius
952 1182 1036 1243 tuus.
1097 1177 1189 1244 Ferit
1210 1182 1286 1246 deus

132 1305 187 1348 sua
210 1284 442 1368 benignissima
465 1283 582 1368 gracia,
608 1287 645 1347 ut
668 1287 702 1347 et
724 1282 789 1366 hijs
812 1280 905 1346 malis
927 1285 1057 1349 taudem
1081 1285 1176 1349 finem
1199 1285 1284 1350 salu·

134 1389 220 1454 brem
243 1390 400 1473 imponat.
446 1386 527 1453 Vale
552 1409 711 1472 prospere,
735 1411 766 1472 p.
792 1392 901 1453 nostro
918 1386 957 1452 N.
983 1393 1053 1454 et..
1073 1390 1082 1424 ¹
1117 1388 1212 1454 fratri
1235 1411 1285 1455 ce-

132 1493 272 1578 terisque
295 1493 573 1577 consanguinitate
600 1493 692 1557 nobis
709 1492 890 1557 coniunctis
906 1492 1082 1576 plurimum
1099 1517 1149 1558 me
1165 1517 1285 1560 recom-

133 1599 255 1677 mends,
279 1597 487 1679 singulariter
519 1601 546 1664 d.
582 1599 705 1666 doctori
729 1599 782 1680 N,
805 1599 894 1664 cuius
916 1604 1021 1664 tamen
1046 1603 1166 1686 scripta
1188 1602 1285 1668 semel

133 1705 236 1770 videre
260 1728 418 1790 cuperem.
466 1705 593 1784 Nescio,
617 1728 713 1792 quam
729 1707 770 1771 cb
793 1727 917 1772 causam
943 1707 1197 1772 taciturnitatem
1213 1711 1286 1772 tan·

133 1814 196 1874 tam
220 1832 301 1896 erga
324 1833 375 1875 me
399 1811 558 1892 habuerit,
582 1834 653 1876 oum
676 1813 893 1896 superioribus
916 1814 1007 1876 annis
1030 1813 1214 1898 frequentes
1229 1833 1284 1878 sue

134 1915 264 1982 luerunt
287 1917 370 2000 apud
393 1939 443 1982 me
466 1917 613 2000 epistula.
660 1917 707 1982 Ex
723 1915 911 2004 Alugusta}

680 2297 741 2370 53.

137 2435 330 2508 Hermann
363 2435 518 2508 Schedel
548 2461 596 2508 an
624 2435 840 2510 Hartmann
864 2437 1029 2510 Schedel.
1072 2437 1286 2534 [Augeturg

573 2558 669 2629 1463
699 2559 855 2652 herbst].

136 2713 196 2767 clm.
221 2711 276 2767 224
294 2712 313 2764 f.
332 2711 366 2766 26
385 2709 497 2780 einlage
525 2711 555 2764 in
577 2727 662 2766 verso.
701 2711 872 2768 Reinschrift
891 2715 962 2769 ohne
984 2715 1094 2769 adressa
1113 2714 1170 2768 und
1188 2716 1283 2770 unter-

646 2799 746 2856 schrift
756 2802 773 2856 ².

293 2923 586 3008 Schilderung
610 2925 683 2990 der
706 2932 803 3009 pest
827 2929 867 2991 in
889 2927 1127 3011 Augsburg.

218 3066 362 3134 Salutem
386 3067 554 3150 plurimam
587 3066 673 3132 dicit.
721 3065 837 3131 Patrue
868 3068 1036 3132 carissime.
1094 3065 1178 3132 Tuas
1210 3089 1282 3151 per-

136 3178 263 3257 optatae
286 3192 394 3236 amore
417 3175 449 3235 et
472 3171 604 3235 caritate
628 3170 762 3236 refertas
784 3173 905 3256 suscepi
922 3173 1032 3237 literas
1056 3177 1088 3237 et
1111 3175 1195 3259 quod
1223 3173 1286 3256 hijs

136 3278 244 3343 diebus
267 3297 354 3341 meas
377 3276 416 3340 ad
440 3280 472 3340 te
495 3297 558 3340 non
582 3277 738 3355 dederim,
773 3300 835 3342 non
859 3278 1018 3343 oblivione
1042 3279 1087 3344 tui
1112 3279 1142 3343 id
1167 3279 1286 3343 factum

137 3403 201 3446 esse
225 3382 354 3460 credas,
387 3387 435 3446 set
460 3383 569 3465 pocius
593 3381 766 3447 multarum
796 3407 900 3447 rernm
929 3384 1032 3467 culpa,
1064 3384 1230 3467 presertim
1254 3384 1286 3445 in

138 3486 193 3551 hac
216 3490 407 3569 tempestate
430 3486 546 3570 pestis,
582 3509 643 3571 que
671 3494 748 3569 aput
772 3508 828 3551 nos
852 3487 955 3550 adhuc
980 3488 1089 3550 acerbe
1112 3490 1285 3570 grassatur,

136 3596 171 3656 ut
193 3592 296 3676 magis
320 3591 358 3655 de
381 3593 473 3656 modo
489 3593 650 3670 moriendi
674 3593 821 3676 cogitem,
847 3613 941 3676 quarn
965 3598 1001 3655 ut
1026 3591 1193 3673 epistulam
1217 3591 1283 3655 dic-

139 3700 204 3762 tare
228 3718 347 3761 curem.
396 3697 435 3762 ut
458 3699 484 3762 si
511 3699 631 3776 liceret,
654 3698 768 3762 merito
792 3700 874 3762 hanc
888 3700 989 3781 ipsam
1014 3701 1134 3779 pestem
1158 3699 1285 3761 noxiam

139 3823 309 3878 execraret,
333 3823 393 3887 que
417 3825 479 3868 non
503 3803 596 3867 modo
619 3804 764 3868 fortunas
780 3804 943 3867 hominum
961 3809 991 3866 et
1013 3803 1147 3866 salutem
1165 3803 1284 3866 incom-

138 3907 237 3973 modis
260 3905 366 3972 affeoit
389 3931 424 3972 ae
448 3908 649 3984 detrimento,
673 3912 721 3970 set
745 3913 776 3971 et
800 3929 860 3986 eos,
885 3909 939 3990 qui
964 3908 1041 3970 mihi
1067 3907 1188 3971 eomodi
1214 3907 1285 3988 plu-

702 4011 720 4050 s

207 4101 221 4153 1
242 4100 352 4153 Marcus
370 4099 426 4151 und
438 4097 587 4153 lohannes.
624 4097 678 4151 Der
697 4099 772 4152 brief
788 4101 824 4152 ist
844 4100 904 4154 also
923 4099 998 4154 nach
1008 4098 1158 4168 Ntrnberg
1177 4100 1286 4167 gerich-

137 4187 186 4242 tet.
223 4185 565 4241 Aufenthaltsnachweiee
589 4186 763 4250 Hartmauns
789 4187 853 4242 dort
880 4205 900 4243 s.
919 4188 1110 4242 Wattenbach
1137 4187 1160 4239 l..
1175 4203 1206 4240 c.:
1246 4186 1287 4242 lm

139 4277 252 4345 concept
271 4273 343 4329 fehlt
362 4273 452 4328 dieser
471 4273 577 4328 schluss
595 4274 691 4341 leider,
709 4291 739 4330 so
750 4275 814 4328 dass
828 4276 878 4328 wir
897 4275 973 4329 nicht
986 4273 1143 4329 ieststellen
1165 4274 1285 4337 konnen,

141 4377 193 4416 wer
210 4361 259 4416 der
278 4360 373 4417 doctor
382 4360 417 4415 N.
430 4361 475 4426 ist,
496 4363 544 4417 der
555 4362 623 4416 doch
643 4362 715 4418 wohl
735 4363 764 4414 in
778 4361 929 4430 Niirnberg
946 4360 1062 4430 gesucht
1080 4362 1193 4416 werden
1203 4377 1286 4414 mass,

140 4445 403 4516 VielleichtZolner‚
424 4467 444 4504 s.
464 4467 508 4504 nr.
521 4451 563 4503 55.
612 4451 627 4502 2
649 4449 749 4517 Wenig
763 4448 971 4504 abueiehendes
983 4451 1097 4518 concept
1107 4449 1128 4502 f.
1140 4441 1215 4511 288¹'‚
1234 4449 1284 4502 da·

139 4536 207 4590 uach
226 4534 290 4590 zum
309 4538 424 4606 rotigen
444 4536 566 4607 gestellt
586 4539 646 4592 eine
665 4540 737 4592 erste
756 4535 918 4591 reinsehrift
937 4533 956 4589 f.
977 4536 1010 4588 98
1029 4533 1148 4617 einlage.
1181 4595 1183 4598 ,
