3106 5246
688 497 749 562 199

144 671 306 752 animum,
331 672 416 742 ¹dum
448 693 498 738 me
532 693 569 736 ac
600 676 719 736 ceteros
752 669 894 754 prelatos
928 671 1050 736 ordinis
1079 672 1180 737 nostri
1213 673 1297 738 beati

145 777 340 843 Benedicti¹
382 778 423 842 ad
458 775 599 842 studium
636 797 723 840 sacre
753 774 871 860 pagine
906 776 1035 861 eiusque
1072 776 1162 841 verbi
1203 777 1297 843 semi-

145 882 307 948 nacionem
343 886 375 948 et
398 880 526 946 tandem
549 885 585 946 ut
609 881 811 965 gymnasium
832 880 961 965 aliquod
987 882 1020 946 in
1046 881 1157 947 ordine
1187 886 1298 948 nostro

144 988 330 1072 erigeretur,
345 1007 545 1071 summopere
561 986 760 1070 persuadere,
776 986 939 1052 consulere
955 1009 992 1054 ao
1015 988 1137 1053 hortari
1152 987 1297 1053 curastis.

144 1091 253 1158 Laudo
278 1092 488 1177 propositum,
512 1092 663 1158 affectum
686 1093 823 1177 denique
845 1096 1006 1174 vestrum,
1033 1115 1124 1177 quem
1149 1094 1188 1158 ad
1211 1093 1296 1159 ordi·

143 1220 215 1262 nem
240 1198 373 1278 habetis,
397 1198 497 1264 nichil
513 1198 598 1264 enim
615 1197 774 1266 salubrius
795 1198 918 1264 homini
942 1198 1035 1264 docto
1056 1198 1127 1263 fore
1148 1197 1297 1278 arbitror,

143 1323 237 1386 quam
260 1323 293 1367 se
316 1303 432 1368 divinis
455 1306 635 1389 mancipare
662 1303 834 1389 obmqnijr,
857 1305 941 1389 quod
964 1326 1020 1388 per
1047 1305 1187 1370 studium
1211 1325 1298 1370 sacre

142 1408 300 1492 scripture
330 1407 423 1474 facile
446 1410 516 1493 quis
545 1409 695 1494 consequi
717 1409 857 1492 poterit,
889 1408 962 1473 dum
987 1411 1020 1475 iu
1046 1410 1116 1493 ipsa
1144 1409 1298 1475 studendo

143 1512 281 1577 fideliter
303 1519 491 1596 perseveret.
538 1513 838 1580 Immarcessibilem
854 1515 940 1580 anim
968 1537 1025 1599 per
1047 1516 1150 1598 ipsam
1172 1515 1296 1580 nancis-

145 1617 247 1682 cimur
269 1616 404 1702 gloriam
417 1616 440 1684 ².
488 1619 608 1686 Deinde
622 1641 680 1703 per
703 1619 791 1684 varia
815 1623 847 1684 et
868 1619 958 1684 devia
985 1621 1019 1686 iu
1036 1620 1171 1704 epistola
1193 1623 1299 1685 vestra

143 1722 376 1802 transcurritis,
406 1725 545 1808 primurn
578 1729 686 1808 patres
710 1729 742 1790 et
765 1724 906 1808 prelatos
928 1725 1051 1790 ordinis
1074 1726 1172 1790 vestri
1195 1724 1295 1808 vicijs‚

145 1827 261 1911 quibus
283 1829 368 1912 ipsos
383 1828 555 1896 labefactos
578 1831 728 1910 scribitis,
747 1830 912 1894 emendare
933 1833 966 1894 et
987 1830 1148 1912 corrigere
1171 1829 1298 1913 cupitis,

142 1952 231 1998 more
257 1955 375 2014 eorum,
399 1935 505 2021 quiin
524 1935 663 2020 ecclesijs
685 1936 862 2002 declamare
877 1934 981 2000 solent
996 1935 1034 1998 ad
1057 1935 1199 2020 vulgum,
1222 1935 1297 1999 dnm

142 2036 274 2102 sarcinis
296 2039 448 2122 gravibus
470 2041 549 2108 elios
572 2048 717 2122 onerant,
740 2041 843 2125 digito
866 2045 975 2106 autem
989 2041 1121 2106 minimo
1143 2038 1202 2106 ea⁸
1225 2045 1297 2106 tan·

142 2161 218 2224 gere
242 2147 399 2208 verentur.
447 2145 565 2213 Plenus
599 2147 734 2232 denique
767 2150 878 2212 venter
910 2146 1003 2212 facile
1025 2147 1063 2212 de
1087 2146 1213 2211 ieiuniis
1235 2145 1298 2210 dis-

143 2252 237 2329 putat
260 2253 343 2313 testo
366 2250 563 2318 Hieronimo.
613 2253 743 2319 Rectius
767 2253 890 2333 fuisset,
919 2252 1093 2318 modestius
1116 2250 1174 2315 heo
1197 2249 1299 2314 literis

141 2353 256 2416 vestris
279 2354 458 2421 inseruisse.
509 2357 584 2425 Sola
606 2361 691 2425 enim
715 2361 807 2440 bona,
830 2360 973 2426 modesta
998 2365 1030 2424 et
1045 2358 1196 2443 religiosa
1210 2379 1299 2422 mens

142 2457 199 2521 deo
222 2458 348 2540 placere
370 2467 486 2544 potest,
509 2488 572 2531 non
597 2488 633 2531 aa
673 2487 772 2543 mens,
798 2489 859 2551 que
881 2466 1062 2531 temeritate
1085 2465 1218 2549 quadam
1243 2463 1300 2528 abs

142 2563 234 2626 venia
257 2564 291 2628 in
314 2566 452 2634 alterum
474 2571 512 2636 de
542 2571 630 2637 facili
672 2571 822 2636 invehere
844 2572 1010 2655 presumit.
1056 2568 1194 2634 Torrens
1217 2568 1300 2633 forte

142 2667 174 2730 in
198 2669 289 2732 vobis
312 2672 445 2754 spiritus
467 2676 526 2743 hec
543 2698 686 2742 evomere
705 2677 816 2742 voluit.
873 2676 915 2741 Et
937 2680 973 2740 ut
989 2675 1093 2739 verbis
1107 2675 1141 2738 in
1164 2673 1301 2758 epistola

141 2778 249 2838 vestra
279 2777 476 2864 depromptis
505 2787 596 2848 utar:
638 2781 728 2847 »Nisi
761 2781 915 2847 resolnoio
954 2780 1096 2865 corporis
1125 2801 1176 2845 me
1198 2781 1299 2862 impe-

141 2878 267 2959 diverit,
291 2882 477 2951 descendam
500 2891 663 2971 tamquam
687 2892 855 2952 veteranus
883 2886 921 2950 ad
938 2886 1044 2951 locum
1059 2883 1201 2949 talemr⁴
1226 2887 1300 2948 etc:

141 2984 302 3052 carissime
324 2987 435 3070 frater,
458 2993 638 3058 consultum
659 2993 800 3072 videtur,
845 3014 937 3057 mora
960 2995 1055 3074 rupta
1077 2990 1196 3073 absque
1219 2988 1299 3053 dila·

142 3091 232 3157 cione
254 3096 321 3158 tam
344 3095 469 3162 fervens
492 3103 624 3183 temque
648 3100 797 3165 devotum
823 3097 1031 3163 effectualiter
1053 3094 1203 3178 amplecti
1226 3116 1299 3178 pro-

141 3197 282 3280 positum
297 3205 329 3266 et
344 3204 542 3286 quamtocius
557 3205 649 3270 istam
672 3204 815 3290 aggredi,
839 3225 935 3288 quarn
958 3202 1178 3287 proposuistis,
1194 3198 1299 3266 viam⁶

141 3304 319 3389 ceterisque
335 3307 411 3372 viris
423 3307 524 3374 doctis
540 3331 598 3393 pro
614 3311 716 3375 salute
731 3311 911 3374 animarum
927 3307 1092 3375 consulere
1112 3327 1200 3372 more
1215 3306 1299 3391 pris·

709 3435 727 3468 ll·

140 3511 208 3566 fides
227 3511 337 3582 scriptis
356 3515 433 3569 assit.
470 3516 522 3581 Qui
540 3518 569 3572 et
587 3517 692 3588 scripta
710 3516 869 3573 huiusmodi
894 3514 1039 3569 submittit
1068 3515 1236 3570 correctione
1255 3530 1299 3568 eo·

140 3617 214 3664 rum,
233 3617 350 3670 quorum
368 3602 486 3658 interest
496 3604 673 3674 corrigendos
682 3605 820 3672 corrigere
839 3607 868 3658 et
879 3605 1013 3659 errantes
1025 3603 1155 3657 reducere
1168 3601 1204 3656 ad
1223 3600 1299 3656 viam

142 3687 280 3743 veritatis.
318 3689 399 3746 Anno
418 3683 523 3762 domini
543 3693 649 3748 urat«

212 3774 326 3831 lNach
345 3777 434 3834 dieser
452 3781 536 3835 stalle
554 3783 658 3836 mfissts
679 3781 822 3836 Hermann
849 3798 886 3834 an
921 3779 1024 3834 seinem
1044 3777 1232 3832 lebensabend
1251 3776 1300 3831 Be·

142 3861 302 3918 nediktiner
320 3865 468 3934 geworden
487 3867 552 3922 oder
570 3867 640 3924 doch
653 3869 682 3922 in
698 3869 802 3922 uthere
814 3865 971 3935 berichung
984 3884 1048 3920 aum
1060 3865 1148 3920 orden
1168 3865 1298 3933 getreten

141 3949 209 4013 sein,
229 3951 317 4005 wofdr
335 3951 381 4006 ich
393 3957 471 4008 sonat
484 3954 584 4009 keinen
604 3955 686 4024 beleg
698 3955 779 4011 finde.
820 3955 894 4009 lloch
912 3955 968 4024 vgl.
985 3954 1130 4010 mandaau
1141 3952 1186 4008 die
1198 3953 1298 4008 ebenso

142 4037 347 4106 merkwiirdige
375 4041 522 4095 nachricht
546 4041 591 4096 bei
611 4042 727 4106 Kobolt,
759 4037 928 4097 Baierisches
948 4041 1211 4097 Gelehrtenlaxilnon
1231 4040 1297 4094 588:

141 4124 257 4180 Schedel
281 4127 447 4196 (Hermann)
466 4130 510 4184 ein
530 4130 727 4185 Benedilrtiner
753 4150 787 4185 au
806 4131 968 4199 Tegernaee,
988 4130 1105 4184 bldhete
1125 4129 1156 4183 in
1174 4129 1237 4182 dem
1259 4129 1298 4183 15.

137 4213 327 4285 jahrhundert
346 4216 404 4271 und
423 4217 532 4273 schrieb
552 4215 707 4273 chronicon
727 4218 943 4288 Tegernseense‚
964 4236 994 4273 so
1012 4236 1042 4273 er
1064 4218 1117 4273 mit
1135 4217 1200 4272 dem
1216 4217 1299 4285 jahre

142 4303 205 4358 1481
221 4302 361 4359 beschloll.
392 4305 467 4360 huch
477 4305 570 4360 dauon
582 4304 621 4358 ist
633 4305 726 4360 bicher
740 4306 831 4360 nichts
846 4306 981 4360 bekannt.
1043 4307 1059 4359 ‘l
1076 4304 1298 4368 Durchstrichen,

140 4392 207 4447 aber
220 4391 308 4445 durch
323 4392 541 4448 nichtsanderes
554 4395 666 4447 ersetat.
722 4392 832 4447 dana?
889 4393 1153 4447 tssraunl.o.168.
1208 4391 1299 4446 5Die·

140 4496 183 4534 ser
201 4482 261 4534 sata
280 4480 357 4535 steht
376 4481 427 4535 auf
443 4482 492 4536 der
511 4480 650 4536 riiclrseite
668 4482 687 4535 f.
699 4482 759 4536 313.
790 4483 859 4536 Dass
885 4498 915 4535 er
933 4480 992 4536 hier
1011 4479 1212 4549 eingeschoben
1230 4495 1299 4534 wer-

141 4567 195 4624 den
210 4585 294 4633 mere,
306 4567 381 4638 aeigt
393 4567 443 4623 das
457 4569 550 4624 hinter
564 4569 673 4624 ›viam‹
688 4569 758 4624 noch
772 4568 902 4637 folgende
915 4568 1067 4638 ceterisque
1082 4567 1148 4620 viris
1162 4568 1298 4638 utsupra.
