3092 5244
791 459 853 524 124

246 647 358 712 parere
392 626 555 711 deinceps,
595 628 632 692 ut
665 626 729 692 tuis
766 648 801 691 ac
832 625 966 690 aliorum
997 624 1278 692 informacionibus
1310 625 1394 691 viam

247 732 405 796 inveniam
429 732 560 810 salutis,
597 754 655 816 per
679 755 773 818 quam
797 754 835 797 ex
858 730 974 815 pelago
996 731 1107 818 ntique
1135 729 1302 803 infernali.
1333 752 1396 816 quo

247 837 413 907 immersus
436 837 530 902 nimis
548 858 628 917 sum,
655 838 735 922 eripi
759 837 890 915 valeam,
915 837 999 921 quod
1022 837 1168 921 profecto
1190 857 1255 901 nou
1277 836 1396 902 accidet

247 941 324 1006 meis
347 942 469 1008 meritis
491 944 544 1008 sed
568 943 632 1008 tuis
655 948 687 1007 at
709 943 846 1008 aliorum
861 942 911 1007 dei
933 942 1134 1021 servitorum,
1158 940 1274 1025 quibus
1290 962 1392 1025 quan·

246 1046 359 1130 doque,
383 1049 441 1112 etsi
465 1069 589 1131 parum,
614 1069 730 1135 magno
753 1052 861 1112 tamen
883 1046 998 1114 affectu
1021 1047 1153 1126 servivi,
1184 1066 1262 1131 qnos
1284 1046 1396 1129 utique

246 1173 306 1236 pro
328 1174 377 1216 me
409 1153 492 1236 apud
515 1153 677 1218 dominum
705 1153 866 1219 oraciones
900 1153 1033 1218 fundere
1061 1173 1125 1218 non
1155 1150 1275 1217 dubito.
1323 1154 1394 1235 Age

246 1255 357 1340 igitur,
380 1257 480 1322 frater
504 1258 565 1337 mi,
594 1263 630 1321 ut
654 1257 728 1341 quid
753 1258 799 1321 vis
833 1279 882 1322 me
904 1256 1008 1322 lacere
1032 1262 1063 1322 et
1086 1257 1154 1322 sine
1179 1261 1211 1320 te
1233 1278 1297 1322 non
1321 1277 1393 1340 pos·

248 1381 316 1424 sum
341 1359 454 1441 facere,
479 1367 569 1427 utta
592 1365 774 1446 agenta-te
798 1363 1000 1445 impetrante,
1025 1368 1057 1428 te
1073 1363 1135 1428 mei
1151 1363 1323 1426 miserante
1345 1361 1394 1426 fa·

248 1464 337 1529 ciam.
384 1464 535 1533 Desidero
558 1490 596 1532 ex
619 1468 713 1532 corde
735 1471 859 1532 mutare
882 1469 980 1533 vitam
1004 1473 1036 1534 et
1052 1469 1184 1534 induere
1200 1490 1315 1534 novum
1342 1469 1395 1532 bc·

249 1569 365 1634 minem
388 1571 626 1654 incorporatum
652 1572 814 1637 vixeribus
838 1571 967 1639 Christi.

339 1674 442 1742 Lectis
467 1675 516 1740 his
540 1678 708 1744 ridiculum
732 1678 894 1744 immerito
918 1700 982 1744 uon
1003 1679 1109 1759 facies,
1133 1683 1250 1763 putens
1273 1701 1322 1744 me
1345 1678 1394 1744 lu-

249 1780 353 1845 dibrio
377 1781 474 1867 loqui.
522 1783 617 1848 Absit
640 1805 658 1847 a
681 1786 714 1847 te
736 1782 840 1847 omnis
863 1783 937 1847 talis
960 1783 1086 1867 opinio,
1114 1783 1190 1868 quia
1213 1805 1251 1847 ex
1274 1804 1396 1848 merore

250 1886 363 1966 cordis,
386 1909 451 1952 non
466 1888 606 1954 ludibrio
622 1887 745 1973 loquor,
769 1910 872 1972 noque
895 1888 1097 1964 temulentus,
1121 1889 1175 1954 sed
1198 1909 1267 1953 cum
1292 1888 1397 1952 anima

248 1989 374 2055 effundo
397 1994 574 2058 oracionem
597 1995 630 2058 in
655 1999 826 2078 conspectu
848 1995 897 2058 dei
921 2000 953 2059 et
976 1994 1127 2060 creatoris
1151 1995 1232 2073 mei,
1266 2015 1397 2078 poscens

247 2099 339 2160 tuum
363 2098 526 2178 auxilium,
550 2121 622 2164 cum
638 2101 730 2164 beato
744 2099 807 2165 Job
823 2100 979 2166 clamans:
1005 2099 1214 2164 ›Miserimini
1239 2100 1311 2178 mei,
1336 2099 1396 2163 mi·

248 2201 395 2264 seremini
418 2203 479 2266 mei
503 2204 616 2269 saltem
640 2227 704 2285 vos,
728 2207 822 2270 amici
846 2207 917 2270 mei.
955 2205 1069 2270 Manus
1097 2204 1181 2269 enim
1204 2204 1324 2269 domini
1347 2211 1395 2269 te·

250 2303 328 2386 tigit
351 2327 430 2370 me<
478 2306 611 2383 Quantis
627 2311 728 2376 modis
743 2312 854 2397 tetigit
871 2334 929 2392 me,
953 2312 996 2375 mi
1012 2311 1122 2389 frater,
1149 2309 1288 2374 scribere
1304 2309 1398 2374 nimis

249 2407 381 2493 longum
413 2417 512 2494 esset,
542 2419 575 2478 et
597 2419 752 2499 quantum
776 2437 835 2501 ego
859 2417 1011 2482 hactenus
1035 2415 1223 2495 restiterim,
1258 2414 1395 2499 longius.

249 2511 412 2580 Calamam
435 2523 605 2602 propterea
628 2521 784 2602 contineo,
808 2522 949 2586 sedeam
970 2543 1076 2586 coram
1100 2525 1132 2585 tc
1156 2521 1254 2600 fuero,
1279 2519 1395 2584 clarius

249 2620 286 2685 de
309 2620 446 2706 singulis
469 2625 641 2690 conferam.
697 2628 767 2710 Ago
798 2627 899 2712 igitur
932 2631 986 2691 tue
1009 2626 1136 2690 caritati
1170 2625 1340 2690 immensas
1363 2647 1398 2690 ac

248 2725 445 2791 immortales
467 2730 607 2814 gracias,
639 2732 713 2816 quia
736 2733 836 2796 tantis
859 2731 1002 2815 epistolis
1030 2731 1301 2796 sanctissimarum
1326 2733 1397 2797 doc·

249 2831 406 2898 trinarum
439 2856 489 2898 me
520 2836 678 2917 visitasti,
710 2841 837 2902 tantum
865 2841 1044 2920 respectum
1076 2837 1109 2900 in
1139 2859 1239 2901 meam
1262 2836 1397 2902 salutem

249 2936 389 3002 habuisti
413 2942 445 3003 at
466 2945 574 3024 preter
597 2962 676 3020 eam,
701 2963 797 3026 quaa
820 2941 947 3006 dominc
963 2940 1003 3005 ob
1020 2941 1079 3007 hoc
1101 2941 1312 3022 coronaberis,
1339 2963 1397 3027 ego

249 3062 298 3105 me
330 3041 428 3107 offero
460 3045 498 3108 ad
523 3046 632 3129 quevis
655 3050 709 3111 tue
741 3047 866 3112 caritati
897 3052 999 3132 grata.
1046 3045 1161 3112 Precor
1192 3045 1340 3132 denique,
1362 3050 1398 3112 ut

249 3147 368 3230 cogites
391 3169 513 3214 omnem
531 3151 658 3215 modum
681 3154 809 3236 gratum
833 3155 865 3216 et
887 3156 997 3234 aptum
1022 3151 1072 3216 dei
1097 3150 1249 3235 servicijs,
1273 3152 1400 3236 quibus,

250 3257 285 3317 ut
308 3255 448 3335 premisl,
471 3256 511 3320 ab
527 3255 621 3321 huius
636 3257 733 3321 saculi
749 3256 984 3322 calamitatibus
1003 3280 1052 3322 me
1069 3257 1231 3322 retrahere
1247 3259 1399 3323 stlocum

249 3362 359 3442 aptum
393 3359 516 3424 vivendi
551 3360 611 3426 soli
646 3362 704 3426 deo
735 3361 879 3426 invenire
910 3361 1040 3426 valeam.
1098 3360 1160 3427 Cor
1185 3362 1272 3428 enim
1295 3385 1397 3428 meum

249 3484 374 3549 semper
396 3464 559 3531 anhelavit
582 3488 647 3532 esse
671 3489 768 3552 penes
792 3467 920 3552 aliquod
946 3468 1171 3532 monasterium
1195 3468 1274 3532 bene
1297 3470 1397 3534 refor-

249 3574 379 3651 matum,
403 3571 519 3637 habere
542 3573 718 3657 prebendas
735 3578 766 3637 et
780 3572 897 3637 servire
914 3571 982 3636 deo.
1008 3569 1132 3655 Cogita,
1160 3573 1203 3637 mi
1223 3573 1335 3653 frater,
1358 3597 1396 3639 an

249 3675 306 3740 hec
329 3681 384 3741 aut
407 3677 470 3741 alia
502 3679 552 3744 via
575 3677 676 3763 magis
700 3679 738 3742 ad
770 3677 905 3742 salutem
935 3681 1110 3761 congruat,
1142 3679 1174 3740 et
1196 3677 1230 3741 iu
1253 3681 1399 3762 tempore

250 3802 306 3845 suo
330 3784 535 3868 subscriptis
559 3790 614 3848 aut
636 3784 741 3848 verbis
764 3804 858 3867 super
885 3803 920 3847 eo
944 3782 1145 3865 respondeas.

338 3889 452 3955 Postea
483 3891 567 3955 idem
593 3891 734 3956 decaaaa
762 3891 833 3955 sais
865 3890 997 3971 scriptis
1031 3889 1279 3970 reprehendebat
1316 3895 1399 3956 certa

248 3993 366 4077 (sacta)
387 4015 446 4075 per
464 3993 630 4076 prefatam
651 3997 840 4079 mapistrara
856 3995 926 4059 Lar
951 3994 1056 4076 facta,
1081 3995 1117 4058 ia
1140 3995 1204 4074 fiae
1230 3995 1395 4072 conclusit,

249 4103 284 4163 at
306 4100 468 4181 sequitur:
503 4099 594 4165 Hanc
616 4123 717 4165 meam
741 4100 1010 4185 obiurgacionem,
1035 4122 1129 4184 quam
1144 4098 1289 4164 fraterne
1305 4099 1395 4178 facio,

250 4205 415 4287 gratanter
438 4205 590 4288 suscipias
615 4211 646 4270 et
670 4228 736 4284 me,
761 4211 797 4269 ut
819 4205 931 4270 solitus
954 4226 1003 4284 es,
1032 4226 1111 4269 ama.
1159 4203 1239 4268 Vale
1268 4225 1306 4267 ex
1331 4202 1397 4268 Au-

250 4311 345 4390 gusta
366 4309 627 4375 festinantissime
650 4311 683 4375 in
706 4311 757 4375 die
780 4311 921 4376 cinerum
944 4332 1027 4376 anno
1042 4315 1100 4376 etc.
1120 4307 1242 4375 LXV20.

694 4415 781 4481 Tuus
805 4415 1009 4481 Leonhardus
1033 4415 1140 4480 Gessel
1163 4416 1308 4481 decanus.

337 4517 520 4583 Venerabili
544 4524 576 4586 et
598 4521 728 4605 egregio
748 4522 780 4585 in
798 4522 939 4585 decretis
962 4521 1129 4588 licenciato
1152 4521 1279 4585 domino
1296 4519 1395 4584 Hein-
