<?xml version="1.0" encoding="UTF-8"?>
<!DOCTYPE html PUBLIC "-//W3C//DTD XHTML 1.0 Transitional//EN"
    "http://www.w3.org/TR/xhtml1/DTD/xhtml1-transitional.dtd">
<html xmlns="http://www.w3.org/1999/xhtml" xml:lang="en" lang="en">
 <head>
  <title>
</title>
<meta http-equiv="Content-Type" content="text/html;charset=utf-8" />
  <meta name='ocr-system' content='tesseract 3.04.00' />
  <meta name='ocr-capabilities' content='ocr_page ocr_carea ocr_par ocr_line ocrx_word'/>
</head>
<body>
  <div class='ocr_page' id='page_1' title='image "./hermannschedels00joacgoog_0190.png"; bbox 0 0 3106 5246; ppageno 0'>
   <div class='ocr_carea' id='block_1_1' title="bbox 821 721 881 793">
    <p class='ocr_par' dir='ltr' id='par_1_1' title="bbox 821 721 881 793">
     <span class='ocr_line' id='line_1_1' title="bbox 821 721 881 793; baseline 0.017 -1"><span class='ocrx_word' id='word_1_1' title='bbox 821 721 881 793; x_wconf 81' lang='grc'>76.</span> 
     </span>
    </p>
   </div>
   <div class='ocr_carea' id='block_1_2' title="bbox 269 859 1427 1082">
    <p class='ocr_par' dir='ltr' id='par_1_2' title="bbox 269 859 1427 1082">
     <span class='ocr_line' id='line_1_2' title="bbox 269 859 1427 957; baseline -0.002 -21"><span class='ocrx_word' id='word_1_2' title='bbox 269 864 464 937; x_wconf 81' lang='lat' dir='ltr'>Hermann</span> <span class='ocrx_word' id='word_1_3' title='bbox 515 860 671 934; x_wconf 82' lang='lat' dir='ltr'>Schedel</span> <span class='ocrx_word' id='word_1_4' title='bbox 716 884 765 931; x_wconf 91' lang='lat' dir='ltr'>an</span> <span class='ocrx_word' id='word_1_5' title='bbox 812 861 1003 957; x_wconf 88' lang='lat' dir='ltr'>[Valentin</span> <span class='ocrx_word' id='word_1_6' title='bbox 1042 861 1153 934; x_wconf 86' lang='lat' dir='ltr'>Eber.</span> <span class='ocrx_word' id='word_1_7' title='bbox 1223 859 1427 954; x_wconf 83' lang='lat' dir='ltr'>Nurnberg</span> 
     </span>
     <span class='ocr_line' id='line_1_3' title="bbox 693 983 1001 1082; baseline 0.013 -28"><span class='ocrx_word' id='word_1_8' title='bbox 693 983 788 1055; x_wconf 82' lang='grc'><strong>1467</strong></span> <span class='ocrx_word' id='word_1_9' title='bbox 822 984 1001 1082; x_wconf 89' lang='lat' dir='ltr'>october].</span> 
     </span>
    </p>
   </div>
   <div class='ocr_carea' id='block_1_3' title="bbox 631 1136 1063 1209">
    <p class='ocr_par' dir='ltr' id='par_1_3' title="bbox 631 1136 1063 1209">
     <span class='ocr_line' id='line_1_4' title="bbox 631 1136 1063 1209; baseline 0.009 -16"><span class='ocrx_word' id='word_1_10' title='bbox 631 1138 694 1193; x_wconf 89' lang='lat' dir='ltr'>clm.</span> <span class='ocrx_word' id='word_1_11' title='bbox 713 1139 765 1192; x_wconf 77' lang='lat'>224</span> <span class='ocrx_word' id='word_1_12' title='bbox 784 1138 803 1194; x_wconf 86' lang='lat' dir='ltr'>f.</span> <span class='ocrx_word' id='word_1_13' title='bbox 822 1139 881 1192; x_wconf 83' lang='grc'><strong>321.</strong></span> <span class='ocrx_word' id='word_1_14' title='bbox 919 1136 1063 1209; x_wconf 68' lang='lat' dir='ltr'>concepte</span> 
     </span>
    </p>
   </div>
   <div class='ocr_carea' id='block_1_4' title="bbox 321 1261 1367 1350">
    <p class='ocr_par' dir='ltr' id='par_1_4' title="bbox 321 1261 1367 1350">
     <span class='ocr_line' id='line_1_5' title="bbox 321 1261 1367 1350; baseline 0 -22"><span class='ocrx_word' id='word_1_15' title='bbox 321 1265 397 1329; x_wconf 77' lang='lat' dir='ltr'>Rue</span> <span class='ocrx_word' id='word_1_16' title='bbox 420 1287 510 1330; x_wconf 88' lang='lat' dir='ltr'>zum</span> <span class='ocrx_word' id='word_1_17' title='bbox 534 1263 750 1329; x_wconf 83' lang='lat' dir='ltr'>anscbluea</span> <span class='ocrx_word' id='word_1_18' title='bbox 772 1261 1032 1348; x_wconf 79' lang='lat' dir='ltr'>Augsburge</span> <span class='ocrx_word' id='word_1_19' title='bbox 1055 1285 1104 1326; x_wconf 89' lang='lat' dir='ltr'>an</span> <span class='ocrx_word' id='word_1_20' title='bbox 1130 1261 1367 1350; x_wconf 79' lang='lat' dir='ltr'>Nlirnberg.</span> 
     </span>
    </p>
   </div>
   <div class='ocr_carea' id='block_1_5' title="bbox 270 1398 1546 3066">
    <p class='ocr_par' dir='ltr' id='par_1_5' title="bbox 270 1398 1546 3066">
     <span class='ocr_line' id='line_1_6' title="bbox 360 1398 1426 1485; baseline -0.001 -18"><span class='ocrx_word' id='word_1_21' title='bbox 360 1402 500 1468; x_wconf 84' lang='lat' dir='ltr'>Salutem</span> <span class='ocrx_word' id='word_1_22' title='bbox 536 1402 706 1485; x_wconf 81' lang='lat' dir='ltr'><strong>plurimam</strong></span> <span class='ocrx_word' id='word_1_23' title='bbox 735 1399 821 1464; x_wconf 89' lang='lat' dir='ltr'>omui</span> <span class='ocrx_word' id='word_1_24' title='bbox 853 1420 924 1463; x_wconf 92' lang='lat' dir='ltr'>cum</span> <span class='ocrx_word' id='word_1_25' title='bbox 957 1398 1125 1464; x_wconf 87' lang='lat' dir='ltr'>affectione</span> <span class='ocrx_word' id='word_1_26' title='bbox 1155 1405 1256 1484; x_wconf 87' lang='lat' dir='ltr'>optat.</span> <span class='ocrx_word' id='word_1_27' title='bbox 1304 1402 1426 1466; x_wconf 85' lang='lat' dir='ltr'>Aman-</span> 
     </span>
     <span class='ocr_line' id='line_1_7' title="bbox 270 1505 1429 1596; baseline -0.003 -23"><span class='ocrx_word' id='word_1_28' title='bbox 270 1510 394 1574; x_wconf 87' lang='lat' dir='ltr'>tissime</span> <span class='ocrx_word' id='word_1_29' title='bbox 411 1512 579 1592; x_wconf 76' lang='lat' dir='ltr'>preceptor</span> <span class='ocrx_word' id='word_1_30' title='bbox 595 1507 821 1590; x_wconf 85' lang='lat' dir='ltr'>fautorumque</span> <span class='ocrx_word' id='word_1_31' title='bbox 837 1505 1100 1588; x_wconf 72' lang='lat' dir='ltr'>prestantissima</span> <span class='ocrx_word' id='word_1_32' title='bbox 1135 1507 1255 1596; x_wconf 86' lang='lat' dir='ltr'>Avidus</span> <span class='ocrx_word' id='word_1_33' title='bbox 1272 1506 1429 1572; x_wconf 86' lang='lat' dir='ltr'>hactenus</span> 
     </span>
     <span class='ocr_line' id='line_1_8' title="bbox 271 1611 1427 1696; baseline -0.003 -18"><span class='ocrx_word' id='word_1_34' title='bbox 271 1637 376 1680; x_wconf 88' lang='lat' dir='ltr'>rerum</span> <span class='ocrx_word' id='word_1_35' title='bbox 407 1635 560 1679; x_wconf 87' lang='lat' dir='ltr'>novarum</span> <span class='ocrx_word' id='word_1_36' title='bbox 591 1635 629 1676; x_wconf 88' lang='lat' dir='ltr'>ex</span> <span class='ocrx_word' id='word_1_37' title='bbox 655 1614 803 1695; x_wconf 83' lang='lat' dir='ltr'>Augusta</span> <span class='ocrx_word' id='word_1_38' title='bbox 834 1614 1032 1696; x_wconf 87' lang='lat' dir='ltr'>etquenam</span> <span class='ocrx_word' id='word_1_39' title='bbox 1060 1611 1093 1674; x_wconf 92' lang='lat' dir='ltr'>in</span> <span class='ocrx_word' id='word_1_40' title='bbox 1117 1616 1203 1676; x_wconf 78' lang='lat' dir='ltr'>statu</span> <span class='ocrx_word' id='word_1_41' title='bbox 1233 1633 1282 1676; x_wconf 86' lang='lat' dir='ltr'>res</span> <span class='ocrx_word' id='word_1_42' title='bbox 1306 1613 1427 1677; x_wconf 84' lang='lat' dir='ltr'>ibidem</span> 
     </span>
     <span class='ocr_line' id='line_1_9' title="bbox 270 1715 1428 1804; baseline -0.003 -20"><span class='ocrx_word' id='word_1_43' title='bbox 270 1720 399 1804; x_wconf 90' lang='lat' dir='ltr'>publica</span> <span class='ocrx_word' id='word_1_44' title='bbox 421 1725 576 1799; x_wconf 76' lang='lat' dir='ltr'>versetur,</span> <span class='ocrx_word' id='word_1_45' title='bbox 601 1739 800 1801; x_wconf 89' lang='lat' dir='ltr'>summopere</span> <span class='ocrx_word' id='word_1_46' title='bbox 816 1715 999 1802; x_wconf 77' lang='lat' dir='ltr'>intelligere</span> <span class='ocrx_word' id='word_1_47' title='bbox 1021 1717 1197 1800; x_wconf 89' lang='lat' dir='ltr'>cupiebam,</span> <span class='ocrx_word' id='word_1_48' title='bbox 1222 1740 1283 1802; x_wconf 91' lang='lat' dir='ltr'>que</span> <span class='ocrx_word' id='word_1_49' title='bbox 1306 1718 1428 1783; x_wconf 86' lang='lat' dir='ltr'>sibene</span> 
     </span>
     <span class='ocr_line' id='line_1_10' title="bbox 272 1823 1428 1909; baseline -0.002 -19"><span class='ocrx_word' id='word_1_50' title='bbox 272 1827 311 1890; x_wconf 93' lang='lat' dir='ltr'>ad</span> <span class='ocrx_word' id='word_1_51' title='bbox 345 1825 556 1909; x_wconf 87' lang='lat' dir='ltr'>prescriptum</span> <span class='ocrx_word' id='word_1_52' title='bbox 588 1825 712 1890; x_wconf 87' lang='lat' dir='ltr'>ratione</span> <span class='ocrx_word' id='word_1_53' title='bbox 744 1827 927 1908; x_wconf 85' lang='lat' dir='ltr'>regeretur,</span> <span class='ocrx_word' id='word_1_54' title='bbox 958 1823 1005 1887; x_wconf 91' lang='lat' dir='ltr'>nil</span> <span class='ocrx_word' id='word_1_55' title='bbox 1041 1824 1206 1889; x_wconf 84' lang='lat' dir='ltr'>iocundius</span> <span class='ocrx_word' id='word_1_56' title='bbox 1238 1824 1428 1909; x_wconf 84' lang='lat' dir='ltr'>gratiusque</span> 
     </span>
     <span class='ocr_line' id='line_1_11' title="bbox 272 1928 1429 2016; baseline -0.003 -21"><span class='ocrx_word' id='word_1_57' title='bbox 272 1953 422 2016; x_wconf 88' lang='lat' dir='ltr'>umquam</span> <span class='ocrx_word' id='word_1_58' title='bbox 446 1935 636 1996; x_wconf 78' lang='lat' dir='ltr'>recurreret.</span> <span class='ocrx_word' id='word_1_59' title='bbox 675 1928 712 1994; x_wconf 91' lang='lat' dir='ltr'>Iu</span> <span class='ocrx_word' id='word_1_60' title='bbox 736 1929 837 2013; x_wconf 89' lang='lat' dir='ltr'>priori</span> <span class='ocrx_word' id='word_1_61' title='bbox 860 1934 978 2008; x_wconf 89' lang='lat' dir='ltr'>tamen,</span> <span class='ocrx_word' id='word_1_62' title='bbox 993 1934 1030 1993; x_wconf 91' lang='lat' dir='ltr'>ut</span> <span class='ocrx_word' id='word_1_63' title='bbox 1053 1951 1072 1992; x_wconf 92' lang='lat' dir='ltr'>a</span> <span class='ocrx_word' id='word_1_64' title='bbox 1095 1929 1284 2014; x_wconf 88' lang='lat' dir='ltr'>quibusdam</span> <span class='ocrx_word' id='word_1_65' title='bbox 1307 1929 1429 2012; x_wconf 86' lang='lat' dir='ltr'>accepi,</span> 
     </span>
     <span class='ocr_line' id='line_1_12' title="bbox 272 2032 1546 2122; baseline -0.003 -21"><span class='ocrx_word' id='word_1_66' title='bbox 272 2041 372 2114; x_wconf 84' lang='lat' dir='ltr'>statu,</span> <span class='ocrx_word' id='word_1_67' title='bbox 395 2035 491 2100; x_wconf 83' lang='lat' dir='ltr'>sicuti</span> <span class='ocrx_word' id='word_1_68' title='bbox 515 2036 641 2120; x_wconf 85' lang='lat' dir='ltr'>reliqui,</span> <span class='ocrx_word' id='word_1_69' title='bbox 663 2035 770 2100; x_wconf 89' lang='lat' dir='ltr'>omnia</span> <span class='ocrx_word' id='word_1_70' title='bbox 792 2035 912 2100; x_wconf 84' lang='lat' dir='ltr'>versari</span> <span class='ocrx_word' id='word_1_71' title='bbox 937 2033 1101 2118; x_wconf 78' lang='lat' dir='ltr'>intelligo,</span> <span class='ocrx_word' id='word_1_72' title='bbox 1125 2056 1209 2099; x_wconf 90' lang='lat' dir='ltr'>nunc</span> <span class='ocrx_word' id='word_1_73' title='bbox 1232 2040 1268 2099; x_wconf 93' lang='lat' dir='ltr'>ut</span> <span class='ocrx_word' id='word_1_74' title='bbox 1290 2032 1427 2099; x_wconf 77' lang='lat' dir='ltr'>vereor²</span> <span class='ocrx_word' id='word_1_75' title='bbox 1545 2117 1546 2122; x_wconf 8' lang='grc' dir='ltr'>ἵ</span> 
     </span>
     <span class='ocr_line' id='line_1_13' title="bbox 272 2139 1426 2225; baseline 0 -21"><span class='ocrx_word' id='word_1_76' title='bbox 272 2161 335 2206; x_wconf 90' lang='lat' dir='ltr'>non</span> <span class='ocrx_word' id='word_1_77' title='bbox 358 2141 391 2204; x_wconf 90' lang='lat' dir='ltr'>in</span> <span class='ocrx_word' id='word_1_78' title='bbox 415 2141 525 2224; x_wconf 90' lang='lat' dir='ltr'>peiuri.</span> <span class='ocrx_word' id='word_1_79' title='bbox 567 2140 634 2224; x_wconf 81' lang='lat' dir='ltr'>Ego</span> <span class='ocrx_word' id='word_1_80' title='bbox 659 2141 754 2220; x_wconf 91' lang='lat' dir='ltr'>enim,</span> <span class='ocrx_word' id='word_1_81' title='bbox 773 2140 828 2225; x_wconf 91' lang='lat' dir='ltr'>qui</span> <span class='ocrx_word' id='word_1_82' title='bbox 863 2161 988 2223; x_wconf 88' lang='lat' dir='ltr'>semper</span> <span class='ocrx_word' id='word_1_83' title='bbox 1010 2161 1076 2204; x_wconf 88' lang='lat' dir='ltr'>rem</span> <span class='ocrx_word' id='word_1_84' title='bbox 1101 2144 1238 2204; x_wconf 87' lang='lat' dir='ltr'>vestram</span> <span class='ocrx_word' id='word_1_85' title='bbox 1262 2139 1426 2223; x_wconf 87' lang='lat' dir='ltr'>publicam</span> 
     </span>
     <span class='ocr_line' id='line_1_14' title="bbox 271 2241 1546 2331; baseline -0.003 -20"><span class='ocrx_word' id='word_1_86' title='bbox 271 2247 392 2330; x_wconf 87' lang='lat' dir='ltr'>optime</span> <span class='ocrx_word' id='word_1_87' title='bbox 430 2247 602 2331; x_wconf 83' lang='lat' dir='ltr'>gubernari</span> <span class='ocrx_word' id='word_1_88' title='bbox 635 2246 829 2324; x_wconf 80' lang='lat' dir='ltr'>desideravi,</span> <span class='ocrx_word' id='word_1_89' title='bbox 867 2246 963 2324; x_wconf 90' lang='lat' dir='ltr'>omni,</span> <span class='ocrx_word' id='word_1_90' title='bbox 999 2245 1101 2329; x_wconf 92' lang='lat' dir='ltr'>quoad</span> <span class='ocrx_word' id='word_1_91' title='bbox 1146 2245 1243 2323; x_wconf 85' lang='lat' dir='ltr'>vivo,</span> <span class='ocrx_word' id='word_1_92' title='bbox 1281 2249 1428 2330; x_wconf 90' lang='lat' dir='ltr'>tempore</span> <span class='ocrx_word' id='word_1_93' title='bbox 1545 2241 1546 2254; x_wconf 55' lang='lat'>¹</span> 
     </span>
     <span class='ocr_line' id='line_1_15' title="bbox 272 2349 1426 2435; baseline 0 -21"><span class='ocrx_word' id='word_1_94' title='bbox 272 2353 484 2435; x_wconf 79' lang='lat' dir='ltr'>prosperitate</span> <span class='ocrx_word' id='word_1_95' title='bbox 516 2356 630 2416; x_wconf 88' lang='lat' dir='ltr'>cuncta</span> <span class='ocrx_word' id='word_1_96' title='bbox 653 2352 765 2416; x_wconf 87' lang='lat' dir='ltr'>florere</span> <span class='ocrx_word' id='word_1_97' title='bbox 801 2351 917 2416; x_wconf 81' lang='lat' dir='ltr'>vellem</span> <span class='ocrx_word' id='word_1_98' title='bbox 937 2350 959 2416; x_wconf 80' lang='lat'>⁸.</span> <span class='ocrx_word' id='word_1_99' title='bbox 1013 2349 1183 2434; x_wconf 83' lang='lat' dir='ltr'>Intelligo,</span> <span class='ocrx_word' id='word_1_100' title='bbox 1217 2349 1280 2432; x_wconf 88' lang='lat' dir='ltr'>hijs</span> <span class='ocrx_word' id='word_1_101' title='bbox 1314 2350 1426 2414; x_wconf 86' lang='lat' dir='ltr'>diebus</span> 
     </span>
     <span class='ocr_line' id='line_1_16' title="bbox 272 2453 1424 2540; baseline -0.001 -21"><span class='ocrx_word' id='word_1_102' title='bbox 272 2457 395 2540; x_wconf 87' lang='lat' dir='ltr'>scripta</span> <span class='ocrx_word' id='word_1_103' title='bbox 433 2457 520 2521; x_wconf 85' lang='lat' dir='ltr'>ducis</span> <span class='ocrx_word' id='word_1_104' title='bbox 551 2455 702 2520; x_wconf 86' lang='lat' dir='ltr'>Ludovici</span> <span class='ocrx_word' id='word_1_105' title='bbox 733 2461 765 2519; x_wconf 90' lang='lat' dir='ltr'>et</span> <span class='ocrx_word' id='word_1_106' title='bbox 801 2461 929 2520; x_wconf 87' lang='lat' dir='ltr'>senatus</span> <span class='ocrx_word' id='word_1_107' title='bbox 959 2453 1171 2538; x_wconf 77' lang='lat' dir='ltr'>Augustensis</span> <span class='ocrx_word' id='word_1_108' title='bbox 1201 2458 1280 2538; x_wconf 88' lang='lat' dir='ltr'>aput</span> <span class='ocrx_word' id='word_1_109' title='bbox 1311 2475 1424 2519; x_wconf 88' lang='lat' dir='ltr'>consu·</span> 
     </span>
     <span class='ocr_line' id='line_1_17' title="bbox 273 2558 1427 2646; baseline -0.002 -22"><span class='ocrx_word' id='word_1_110' title='bbox 273 2560 375 2624; x_wconf 90' lang='lat' dir='ltr'>latum</span> <span class='ocrx_word' id='word_1_111' title='bbox 396 2558 705 2646; x_wconf 83' lang='lat' dir='ltr'>Nurembergensem</span> <span class='ocrx_word' id='word_1_112' title='bbox 730 2559 955 2644; x_wconf 85' lang='lat' dir='ltr'>pervenisae⁴,</span> <span class='ocrx_word' id='word_1_113' title='bbox 984 2560 1017 2623; x_wconf 91' lang='lat' dir='ltr'>in</span> <span class='ocrx_word' id='word_1_114' title='bbox 1042 2558 1157 2644; x_wconf 89' lang='lat' dir='ltr'>quibus</span> <span class='ocrx_word' id='word_1_115' title='bbox 1185 2558 1330 2644; x_wconf 89' lang='lat' dir='ltr'>quelibet</span> <span class='ocrx_word' id='word_1_116' title='bbox 1352 2581 1427 2643; x_wconf 87' lang='lat' dir='ltr'>par-</span> 
     </span>
     <span class='ocr_line' id='line_1_18' title="bbox 274 2664 1426 2750; baseline -0.001 -21"><span class='ocrx_word' id='word_1_117' title='bbox 274 2667 355 2730; x_wconf 92' lang='lat' dir='ltr'>tium</span> <span class='ocrx_word' id='word_1_118' title='bbox 379 2667 614 2731; x_wconf 86' lang='lat' dir='ltr'>excusacionem</span> <span class='ocrx_word' id='word_1_119' title='bbox 638 2687 727 2729; x_wconf 83' lang='lat' dir='ltr'>suam</span> <span class='ocrx_word' id='word_1_120' title='bbox 753 2666 949 2749; x_wconf 83' lang='lat' dir='ltr'>pessimeque</span> <span class='ocrx_word' id='word_1_121' title='bbox 969 2686 1040 2729; x_wconf 91' lang='lat' dir='ltr'>cum</span> <span class='ocrx_word' id='word_1_122' title='bbox 1068 2665 1112 2729; x_wconf 84' lang='lat' dir='ltr'>eie</span> <span class='ocrx_word' id='word_1_123' title='bbox 1136 2665 1189 2750; x_wconf 78' lang='lat' dir='ltr'>agi</span> <span class='ocrx_word' id='word_1_124' title='bbox 1216 2665 1332 2728; x_wconf 87' lang='lat' dir='ltr'>seriose</span> <span class='ocrx_word' id='word_1_125' title='bbox 1355 2664 1426 2728; x_wconf 91' lang='lat' dir='ltr'>lon·</span> 
     </span>
     <span class='ocr_line' id='line_1_19' title="bbox 274 2767 1427 2856; baseline -0.002 -22"><span class='ocrx_word' id='word_1_126' title='bbox 274 2791 378 2856; x_wconf 82' lang='lat' dir='ltr'>gaque</span> <span class='ocrx_word' id='word_1_127' title='bbox 401 2771 482 2836; x_wconf 87' lang='lat' dir='ltr'>serie</span> <span class='ocrx_word' id='word_1_128' title='bbox 507 2771 685 2850; x_wconf 87' lang='lat' dir='ltr'>verborum,</span> <span class='ocrx_word' id='word_1_129' title='bbox 713 2775 749 2834; x_wconf 93' lang='lat' dir='ltr'>ut</span> <span class='ocrx_word' id='word_1_130' title='bbox 770 2775 955 2835; x_wconf 86' lang='lat' dir='ltr'>consuetum</span> <span class='ocrx_word' id='word_1_131' title='bbox 981 2773 1047 2846; x_wconf 86' lang='lat' dir='ltr'>eat,</span> <span class='ocrx_word' id='word_1_132' title='bbox 1071 2768 1251 2833; x_wconf 86' lang='lat' dir='ltr'>conscribit.</span> <span class='ocrx_word' id='word_1_133' title='bbox 1295 2767 1427 2833; x_wconf 86' lang='lat' dir='ltr'>Cautius</span> 
     </span>
     <span class='ocr_line' id='line_1_20' title="bbox 275 2871 1425 2960; baseline -0.002 -21"><span class='ocrx_word' id='word_1_134' title='bbox 275 2874 514 2960; x_wconf 87' lang='lat' dir='ltr'>consultiusque</span> <span class='ocrx_word' id='word_1_135' title='bbox 538 2874 659 2953; x_wconf 84' lang='lat' dir='ltr'>fuisset,</span> <span class='ocrx_word' id='word_1_136' title='bbox 683 2880 719 2938; x_wconf 89' lang='lat' dir='ltr'>ut</span> <span class='ocrx_word' id='word_1_137' title='bbox 732 2876 767 2958; x_wconf 86' lang='grc'><strong>(1)</strong></span> <span class='ocrx_word' id='word_1_138' title='bbox 791 2879 865 2938; x_wconf 91' lang='lat' dir='ltr'>ante</span> <span class='ocrx_word' id='word_1_139' title='bbox 889 2874 946 2938; x_wconf 88' lang='lat' dir='ltr'>heo</span> <span class='ocrx_word' id='word_1_140' title='bbox 960 2873 1081 2958; x_wconf 87' lang='lat' dir='ltr'>scripta</span> <span class='ocrx_word' id='word_1_141' title='bbox 1103 2873 1265 2956; x_wconf 87' lang='lat' dir='ltr'>presentia</span> <span class='ocrx_word' id='word_1_142' title='bbox 1284 2893 1342 2936; x_wconf 90' lang='lat' dir='ltr'>sua</span> <span class='ocrx_word' id='word_1_143' title='bbox 1359 2871 1425 2937; x_wconf 86' lang='lat' dir='ltr'>Au·</span> 
     </span>
     <span class='ocr_line' id='line_1_21' title="bbox 274 2978 1427 3066; baseline -0.002 -22"><span class='ocrx_word' id='word_1_144' title='bbox 274 2987 440 3066; x_wconf 81' lang='lat' dir='ltr'>gualenses</span> <span class='ocrx_word' id='word_1_145' title='bbox 463 2981 628 3044; x_wconf 81' lang='lat' dir='ltr'>infamiam</span> <span class='ocrx_word' id='word_1_146' title='bbox 651 3001 741 3044; x_wconf 87' lang='lat' dir='ltr'>suam</span> <span class='ocrx_word' id='word_1_147' title='bbox 764 2979 984 3044; x_wconf 72' lang='lat' dir='ltr'>minuissent⁶</span> <span class='ocrx_word' id='word_1_148' title='bbox 1009 2983 1041 3044; x_wconf 91' lang='lat' dir='ltr'>et</span> <span class='ocrx_word' id='word_1_149' title='bbox 1065 2978 1273 3043; x_wconf 88' lang='lat' dir='ltr'>ambasiatam</span> <span class='ocrx_word' id='word_1_150' title='bbox 1288 2978 1427 3061; x_wconf 87' lang='lat' dir='ltr'>solemp-</span> 
     </span>
    </p>
   </div>
   <div class='ocr_carea' id='block_1_6' title="bbox 275 3082 1545 3274">
    <p class='ocr_par' dir='ltr' id='par_1_6' title="bbox 275 3082 1545 3274">
     <span class='ocr_line' id='line_1_22' title="bbox 275 3082 1545 3174; baseline -0.003 -24"><span class='ocrx_word' id='word_1_151' title='bbox 275 3109 346 3150; x_wconf 91' lang='lat' dir='ltr'>nem</span> <span class='ocrx_word' id='word_1_152' title='bbox 364 3091 441 3169; x_wconf 88' lang='lat' dir='ltr'>aput</span> <span class='ocrx_word' id='word_1_153' title='bbox 455 3085 652 3150; x_wconf 87' lang='lat' dir='ltr'>consulatum</span> <span class='ocrx_word' id='word_1_154' title='bbox 667 3083 974 3169; x_wconf 79' lang='lat' dir='ltr'>Nurembergensem</span> <span class='ocrx_word' id='word_1_155' title='bbox 994 3082 1178 3148; x_wconf 85' lang='lat' dir='ltr'>habuissent</span> <span class='ocrx_word' id='word_1_156' title='bbox 1193 3082 1428 3166; x_wconf 79' lang='lat' dir='ltr'>etquerulose⁶</span> <span class='ocrx_word' id='word_1_157' title='bbox 1544 3105 1545 3174; x_wconf 50' lang='lat' dir='ltr'><strong>j</strong></span> 
     </span>
     <span class='ocr_line' id='line_1_23' title="bbox 276 3189 1428 3274; baseline 0 -20"><span class='ocrx_word' id='word_1_158' title='bbox 276 3211 382 3254; x_wconf 88' lang='lat' dir='ltr'>coram</span> <span class='ocrx_word' id='word_1_159' title='bbox 398 3192 486 3274; x_wconf 89' lang='lat' dir='ltr'>ipsis,</span> <span class='ocrx_word' id='word_1_160' title='bbox 503 3195 568 3254; x_wconf 91' lang='lat' dir='ltr'>tam</span> <span class='ocrx_word' id='word_1_161' title='bbox 586 3190 771 3254; x_wconf 84' lang='lat' dir='ltr'>detestanda</span> <span class='ocrx_word' id='word_1_162' title='bbox 787 3189 993 3254; x_wconf 83' lang='lat' dir='ltr'>iniustissime</span> <span class='ocrx_word' id='word_1_163' title='bbox 1015 3189 1059 3254; x_wconf 89' lang='lat' dir='ltr'>eis</span> <span class='ocrx_word' id='word_1_164' title='bbox 1075 3189 1175 3268; x_wconf 88' lang='lat' dir='ltr'>illata,</span> <span class='ocrx_word' id='word_1_165' title='bbox 1198 3189 1301 3272; x_wconf 89' lang='lat' dir='ltr'>petito</span> <span class='ocrx_word' id='word_1_166' title='bbox 1316 3189 1356 3254; x_wconf 90' lang='lat' dir='ltr'>ad</span> <span class='ocrx_word' id='word_1_167' title='bbox 1373 3190 1428 3254; x_wconf 90' lang='lat' dir='ltr'>hec</span> 
     </span>
    </p>
   </div>
   <div class='ocr_carea' id='block_1_7' title="bbox 278 3323 1545 3558">
    <p class='ocr_par' dir='ltr' id='par_1_7' title="bbox 278 3323 1545 3558">
     <span class='ocr_line' id='line_1_24' title="bbox 843 3323 1545 3360; baseline -0.009 0"><span class='ocrx_word' id='word_1_168' title='bbox 843 3323 861 3360; x_wconf 73' lang='lat' dir='ltr'>a</span> <span class='ocrx_word' id='word_1_169' title='bbox 1544 3345 1545 3354; x_wconf 70' lang='grc'>,</span> 
     </span>
     <span class='ocr_line' id='line_1_25' title="bbox 349 3387 1545 3467; baseline -0.004 -14"><span class='ocrx_word' id='word_1_170' title='bbox 349 3401 360 3453; x_wconf 91' lang='lat' dir='ltr'>l</span> <span class='ocrx_word' id='word_1_171' title='bbox 384 3398 493 3461; x_wconf 74' lang='lat' dir='ltr'>Erotes,</span> <span class='ocrx_word' id='word_1_172' title='bbox 522 3400 609 3452; x_wconf 85' lang='lat' dir='ltr'>etwas</span> <span class='ocrx_word' id='word_1_173' title='bbox 628 3397 838 3452; x_wconf 84' lang='lat' dir='ltr'>abweichendee</span> <span class='ocrx_word' id='word_1_174' title='bbox 865 3400 981 3467; x_wconf 78' lang='lat' dir='ltr'>concept</span> <span class='ocrx_word' id='word_1_175' title='bbox 1008 3397 1075 3452; x_wconf 89' lang='lat' dir='ltr'>ibid.</span> <span class='ocrx_word' id='word_1_176' title='bbox 1103 3397 1123 3454; x_wconf 82' lang='lat' dir='ltr'>f.</span> <span class='ocrx_word' id='word_1_177' title='bbox 1142 3394 1215 3460; x_wconf 70' lang='grc'><strong>3081,</strong></span> <span class='ocrx_word' id='word_1_178' title='bbox 1236 3395 1346 3451; x_wconf 80' lang='lat' dir='ltr'>danauh</span> <span class='ocrx_word' id='word_1_179' title='bbox 1365 3413 1427 3450; x_wconf 83' lang='lat' dir='ltr'>aum</span> <span class='ocrx_word' id='word_1_180' title='bbox 1544 3387 1545 3466; x_wconf 74' lang='lat'>,</span> 
     </span>
     <span class='ocr_line' id='line_1_26' title="bbox 278 3469 1545 3558; baseline -0.003 -17"><span class='ocrx_word' id='word_1_181' title='bbox 278 3487 403 3558; x_wconf 78' lang='lat' dir='ltr'>rotigen,</span> <span class='ocrx_word' id='word_1_182' title='bbox 423 3488 496 3542; x_wconf 84' lang='lat' dir='ltr'>nach</span> <span class='ocrx_word' id='word_1_183' title='bbox 515 3486 577 3541; x_wconf 90' lang='lat' dir='ltr'>dem</span> <span class='ocrx_word' id='word_1_184' title='bbox 599 3488 672 3542; x_wconf 89' lang='lat' dir='ltr'>auch</span> <span class='ocrx_word' id='word_1_185' title='bbox 691 3486 735 3540; x_wconf 90' lang='lat' dir='ltr'>die</span> <span class='ocrx_word' id='word_1_186' title='bbox 760 3485 878 3540; x_wconf 85' lang='lat' dir='ltr'>adresse.</span> <span class='ocrx_word' id='word_1_187' title='bbox 924 3486 977 3540; x_wconf 90' lang='lat' dir='ltr'>Zur</span> <span class='ocrx_word' id='word_1_188' title='bbox 1004 3484 1228 3556; x_wconf 78' lang='lat' dir='ltr'>monateaugebe</span> <span class='ocrx_word' id='word_1_189' title='bbox 1255 3502 1276 3539; x_wconf 82' lang='lat' dir='ltr'>a.</span> <span class='ocrx_word' id='word_1_190' title='bbox 1307 3502 1383 3540; x_wconf 88' lang='lat' dir='ltr'>anm.</span> <span class='ocrx_word' id='word_1_191' title='bbox 1402 3487 1428 3538; x_wconf 82' lang='lat'>4.</span> <span class='ocrx_word' id='word_1_192' title='bbox 1544 3469 1545 3486; x_wconf 49' lang='lat'>¹</span> 
     </span>
    </p>
   </div>
   <div class='ocr_carea' id='block_1_8' title="bbox 276 3569 1545 3646">
    <p class='ocr_par' dir='ltr' id='par_1_8' title="bbox 276 3569 1545 3646">
     <span class='ocr_line' id='line_1_27' title="bbox 276 3569 1545 3646; baseline -0.004 -18"><span class='ocrx_word' id='word_1_193' title='bbox 276 3576 379 3631; x_wconf 69' lang='lat' dir='ltr'>tllan</span> <span class='ocrx_word' id='word_1_194' title='bbox 399 3577 546 3631; x_wconf 84' lang='lat' dir='ltr'>erwartet:</span> <span class='ocrx_word' id='word_1_195' title='bbox 567 3591 655 3646; x_wconf 82' lang='lat' dir='ltr'>spero.</span> <span class='ocrx_word' id='word_1_196' title='bbox 761 3576 777 3628; x_wconf 89' lang='lat'><strong>3</strong></span> <span class='ocrx_word' id='word_1_197' title='bbox 797 3575 838 3627; x_wconf 91' lang='lat' dir='ltr'>lm</span> <span class='ocrx_word' id='word_1_198' title='bbox 858 3575 951 3628; x_wconf 82' lang='lat' dir='ltr'>ersten</span> <span class='ocrx_word' id='word_1_199' title='bbox 970 3576 1086 3643; x_wconf 87' lang='lat' dir='ltr'>concept</span> <span class='ocrx_word' id='word_1_200' title='bbox 1111 3573 1198 3628; x_wconf 83' lang='lat' dir='ltr'>heiest</span> <span class='ocrx_word' id='word_1_201' title='bbox 1215 3589 1244 3628; x_wconf 81' lang='lat' dir='ltr'>ee</span> <span class='ocrx_word' id='word_1_202' title='bbox 1262 3571 1322 3627; x_wconf 87' lang='lat' dir='ltr'>hier</span> <span class='ocrx_word' id='word_1_203' title='bbox 1339 3571 1428 3628; x_wconf 89' lang='lat' dir='ltr'>noch:</span> <span class='ocrx_word' id='word_1_204' title='bbox 1544 3569 1545 3574; x_wconf 74' lang='grc'>’</span> 
     </span>
    </p>
   </div>
   <div class='ocr_carea' id='block_1_9' title="bbox 276 3660 1544 4522">
    <p class='ocr_par' dir='ltr' id='par_1_9' title="bbox 276 3660 1544 4534">
     <span class='ocr_line' id='line_1_28' title="bbox 277 3660 1428 3734; baseline -0.003 -16"><span class='ocrx_word' id='word_1_205' title='bbox 277 3665 468 3733; x_wconf 84' lang='lat' dir='ltr'>Alloquuntur</span> <span class='ocrx_word' id='word_1_206' title='bbox 496 3681 544 3719; x_wconf 91' lang='lat' dir='ltr'>me</span> <span class='ocrx_word' id='word_1_207' title='bbox 569 3663 660 3734; x_wconf 81' lang='lat' dir='ltr'>sepius</span> <span class='ocrx_word' id='word_1_208' title='bbox 685 3662 801 3732; x_wconf 84' lang='lat' dir='ltr'>quidam</span> <span class='ocrx_word' id='word_1_209' title='bbox 825 3660 860 3716; x_wconf 88' lang='lat' dir='ltr'>de</span> <span class='ocrx_word' id='word_1_210' title='bbox 878 3661 1054 3717; x_wconf 80' lang='lat' dir='ltr'>aenatoribus</span> <span class='ocrx_word' id='word_1_211' title='bbox 1072 3660 1277 3730; x_wconf 55' lang='lat' dir='ltr'>umentem,</span> <span class='ocrx_word' id='word_1_212' title='bbox 1302 3660 1352 3730; x_wconf 86' lang='lat' dir='ltr'>qui</span> <span class='ocrx_word' id='word_1_213' title='bbox 1370 3677 1428 3716; x_wconf 88' lang='lat' dir='ltr'>rem</span> 
     </span>
     <span class='ocr_line' id='line_1_29' title="bbox 276 3747 1428 3823; baseline -0.005 -17"><span class='ocrx_word' id='word_1_214' title='bbox 276 3751 417 3823; x_wconf 84' lang='lat' dir='ltr'>publicam</span> <span class='ocrx_word' id='word_1_215' title='bbox 437 3754 641 3821; x_wconf 76' lang='lat' dir='ltr'>Augustenaem</span> <span class='ocrx_word' id='word_1_216' title='bbox 659 3750 815 3821; x_wconf 88' lang='lat' dir='ltr'>peroptime</span> <span class='ocrx_word' id='word_1_217' title='bbox 842 3751 918 3804; x_wconf 88' lang='lat' dir='ltr'>stare</span> <span class='ocrx_word' id='word_1_218' title='bbox 936 3751 1089 3819; x_wconf 87' lang='lat' dir='ltr'>cuperent.</span> <span class='ocrx_word' id='word_1_219' title='bbox 1103 3788 1109 3802; x_wconf 94' lang='lat'><em>.</em></span> <span class='ocrx_word' id='word_1_220' title='bbox 1123 3788 1149 3804; x_wconf 88' lang='lat'>..</span> <span class='ocrx_word' id='word_1_221' title='bbox 1230 3751 1246 3802; x_wconf 81' lang='lat'>4</span> <span class='ocrx_word' id='word_1_222' title='bbox 1271 3747 1357 3804; x_wconf 83' lang='lat' dir='ltr'>wird·</span> <span class='ocrx_word' id='word_1_223' title='bbox 1371 3747 1428 3802; x_wconf 80' lang='lat' dir='ltr'>sich</span> 
     </span>
     <span class='ocr_line' id='line_1_30' title="bbox 277 3835 1426 3908; baseline -0.003 -15"><span class='ocrx_word' id='word_1_224' title='bbox 277 3840 329 3894; x_wconf 84' lang='lat' dir='ltr'>aul</span> <span class='ocrx_word' id='word_1_225' title='bbox 345 3837 728 3908; x_wconf 81' lang='lat' dir='ltr'>rechtlertigungeschreiben</span> <span class='ocrx_word' id='word_1_226' title='bbox 748 3835 885 3904; x_wconf 73' lang='lat' dir='ltr'>berichem</span> <span class='ocrx_word' id='word_1_227' title='bbox 904 3836 950 3891; x_wconf 88' lang='lat' dir='ltr'>die</span> <span class='ocrx_word' id='word_1_228' title='bbox 970 3835 1149 3906; x_wconf 78' lang='lat' dir='ltr'>gleichzeitig</span> <span class='ocrx_word' id='word_1_229' title='bbox 1167 3835 1219 3890; x_wconf 87' lang='lat' dir='ltr'>mit</span> <span class='ocrx_word' id='word_1_230' title='bbox 1241 3835 1296 3890; x_wconf 89' lang='lat' dir='ltr'>den</span> <span class='ocrx_word' id='word_1_231' title='bbox 1314 3835 1426 3890; x_wconf 74' lang='lat' dir='ltr'>secute·</span> 
     </span>
     <span class='ocr_line' id='line_1_31' title="bbox 278 3924 1427 3995; baseline -0.004 -13"><span class='ocrx_word' id='word_1_232' title='bbox 278 3927 436 3983; x_wconf 83' lang='lat' dir='ltr'>Ghroniken</span> <span class='ocrx_word' id='word_1_233' title='bbox 454 3924 496 3991; x_wconf 88' lang='lat' dir='ltr'>V,</span> <span class='ocrx_word' id='word_1_234' title='bbox 524 3926 589 3982; x_wconf 75' lang='grc' dir='ltr'>368ι</span> <span class='ocrx_word' id='word_1_235' title='bbox 607 3926 784 3989; x_wconf 77' lang='lat' dir='ltr'>erwa&#39;hnten,</span> <span class='ocrx_word' id='word_1_236' title='bbox 813 3925 873 3980; x_wconf 84' lang='lat' dir='ltr'>aleo</span> <span class='ocrx_word' id='word_1_237' title='bbox 896 3925 936 3978; x_wconf 91' lang='lat' dir='ltr'>im</span> <span class='ocrx_word' id='word_1_238' title='bbox 957 3924 1114 3995; x_wconf 86' lang='lat' dir='ltr'>september</span> <span class='ocrx_word' id='word_1_239' title='bbox 1135 3925 1201 3978; x_wconf 76' lang='grc'><strong>1167</strong></span> <span class='ocrx_word' id='word_1_240' title='bbox 1226 3937 1427 3993; x_wconf 78' lang='lat' dir='ltr'>ausgegangeu</span> 
     </span>
     <span class='ocr_line' id='line_1_32' title="bbox 279 4010 1428 4082; baseline -0.003 -14"><span class='ocrx_word' id='word_1_241' title='bbox 279 4014 349 4069; x_wconf 83' lang='lat' dir='ltr'>sind.</span> <span class='ocrx_word' id='word_1_242' title='bbox 388 4014 441 4068; x_wconf 82' lang='lat' dir='ltr'>Elin</span> <span class='ocrx_word' id='word_1_243' title='bbox 454 4013 567 4076; x_wconf 80' lang='lat' dir='ltr'>eolchee,</span> <span class='ocrx_word' id='word_1_244' title='bbox 587 4013 650 4068; x_wconf 86' lang='lat' dir='ltr'>eehr</span> <span class='ocrx_word' id='word_1_245' title='bbox 660 4011 864 4069; x_wconf 78' lang='lat' dir='ltr'>ausffihrliohee</span> <span class='ocrx_word' id='word_1_246' title='bbox 876 4010 1262 4082; x_wconf 80' lang='lat' dir='ltr'>rechtlertigungsscbreiben</span> <span class='ocrx_word' id='word_1_247' title='bbox 1275 4010 1325 4065; x_wconf 82' lang='lat' dir='ltr'>der</span> <span class='ocrx_word' id='word_1_248' title='bbox 1338 4011 1428 4080; x_wconf 76' lang='lat' dir='ltr'>Auge·</span> 
     </span>
     <span class='ocr_line' id='line_1_33' title="bbox 276 4098 1428 4172; baseline -0.003 -14"><span class='ocrx_word' id='word_1_249' title='bbox 276 4104 382 4172; x_wconf 84' lang='lat' dir='ltr'>burger</span> <span class='ocrx_word' id='word_1_250' title='bbox 396 4113 487 4172; x_wconf 80' lang='lat' dir='ltr'>gegen</span> <span class='ocrx_word' id='word_1_251' title='bbox 499 4100 676 4156; x_wconf 75' lang='lat' dir='ltr'>stmmtliche</span> <span class='ocrx_word' id='word_1_252' title='bbox 689 4099 881 4156; x_wconf 82' lang='lat' dir='ltr'>beechwerden</span> <span class='ocrx_word' id='word_1_253' title='bbox 894 4101 996 4169; x_wconf 74' lang='lat' dir='ltr'>herzog</span> <span class='ocrx_word' id='word_1_254' title='bbox 1009 4099 1147 4170; x_wconf 79' lang='lat' dir='ltr'>Ludwige,</span> <span class='ocrx_word' id='word_1_255' title='bbox 1168 4099 1239 4155; x_wconf 84' lang='lat' dir='ltr'>auch</span> <span class='ocrx_word' id='word_1_256' title='bbox 1253 4098 1299 4154; x_wconf 89' lang='lat' dir='ltr'>die</span> <span class='ocrx_word' id='word_1_257' title='bbox 1307 4098 1428 4154; x_wconf 83' lang='lat' dir='ltr'>Erlbech</span> 
     </span>
     <span class='ocr_line' id='line_1_34' title="bbox 277 4183 1429 4258; baseline -0.006 -12"><span class='ocrx_word' id='word_1_258' title='bbox 277 4189 477 4253; x_wconf 86' lang='lat' dir='ltr'>betreffenden,</span> <span class='ocrx_word' id='word_1_259' title='bbox 498 4206 563 4245; x_wconf 85' lang='lat' dir='ltr'>vom</span> <span class='ocrx_word' id='word_1_260' title='bbox 582 4189 689 4258; x_wconf 84' lang='lat' dir='ltr'>freitag</span> <span class='ocrx_word' id='word_1_261' title='bbox 706 4189 778 4242; x_wconf 88' lang='lat' dir='ltr'>nach</span> <span class='ocrx_word' id='word_1_262' title='bbox 798 4205 820 4244; x_wconf 86' lang='lat' dir='ltr'>s.</span> <span class='ocrx_word' id='word_1_263' title='bbox 842 4187 930 4244; x_wconf 80' lang='lat' dir='ltr'>crucia</span> <span class='ocrx_word' id='word_1_264' title='bbox 956 4187 1036 4258; x_wconf 83' lang='lat' dir='ltr'>[sept.</span> <span class='ocrx_word' id='word_1_265' title='bbox 1057 4188 1101 4251; x_wconf 89' lang='lat'>18]</span> <span class='ocrx_word' id='word_1_266' title='bbox 1122 4187 1187 4244; x_wconf 79' lang='lat'>1467</span> <span class='ocrx_word' id='word_1_267' title='bbox 1210 4187 1287 4242; x_wconf 76' lang='lat' dir='ltr'>steht</span> <span class='ocrx_word' id='word_1_268' title='bbox 1309 4185 1340 4240; x_wconf 89' lang='lat' dir='ltr'>in</span> <span class='ocrx_word' id='word_1_269' title='bbox 1359 4183 1429 4241; x_wconf 84' lang='lat' dir='ltr'>Paul</span> 
     </span>
     <span class='ocr_line' id='line_1_35' title="bbox 278 4273 1426 4348; baseline -0.005 -15"><span class='ocrx_word' id='word_1_270' title='bbox 278 4279 379 4335; x_wconf 87' lang='lat' dir='ltr'>Hector</span> <span class='ocrx_word' id='word_1_271' title='bbox 399 4278 484 4334; x_wconf 79' lang='lat' dir='ltr'>Matre</span> <span class='ocrx_word' id='word_1_272' title='bbox 505 4277 725 4335; x_wconf 70' lang='lat' dir='ltr'>»Memoribucbc</span> <span class='ocrx_word' id='word_1_273' title='bbox 745 4278 765 4334; x_wconf 86' lang='lat' dir='ltr'>f.</span> <span class='ocrx_word' id='word_1_274' title='bbox 783 4277 850 4333; x_wconf 68' lang='lat'>42512</span> <span class='ocrx_word' id='word_1_275' title='bbox 868 4275 896 4333; x_wconf 88' lang='lat' dir='ltr'>ff.</span> <span class='ocrx_word' id='word_1_276' title='bbox 917 4275 1112 4348; x_wconf 78' lang='lat' dir='ltr'>[Augsburger</span> <span class='ocrx_word' id='word_1_277' title='bbox 1131 4273 1326 4344; x_wconf 75' lang='lat' dir='ltr'>stadterobivl.</span> <span class='ocrx_word' id='word_1_278' title='bbox 1367 4274 1426 4344; x_wconf 76' lang='lat' dir='ltr'>Vgl.</span> 
     </span>
     <span class='ocr_line' id='line_1_36' title="bbox 279 4361 1544 4435; baseline -0.004 -14"><span class='ocrx_word' id='word_1_279' title='bbox 279 4368 348 4423; x_wconf 86' lang='lat' dir='ltr'>auch</span> <span class='ocrx_word' id='word_1_280' title='bbox 361 4367 434 4425; x_wconf 62' lang='grc' dir='ltr'>ΑΡ.</span> <span class='ocrx_word' id='word_1_281' title='bbox 453 4366 567 4422; x_wconf 82' lang='lat' dir='ltr'>Gessers</span> <span class='ocrx_word' id='word_1_282' title='bbox 586 4366 710 4421; x_wconf 77' lang='lat' dir='ltr'>Annales</span> <span class='ocrx_word' id='word_1_283' title='bbox 725 4363 768 4421; x_wconf 91' lang='lat' dir='ltr'>bei</span> <span class='ocrx_word' id='word_1_284' title='bbox 779 4365 904 4430; x_wconf 84' lang='lat' dir='ltr'>Mencke,</span> <span class='ocrx_word' id='word_1_285' title='bbox 923 4362 1077 4435; x_wconf 83' lang='lat' dir='ltr'>Scriptores</span> <span class='ocrx_word' id='word_1_286' title='bbox 1095 4381 1187 4420; x_wconf 87' lang='lat' dir='ltr'>rerum</span> <span class='ocrx_word' id='word_1_287' title='bbox 1198 4361 1427 4418; x_wconf 83' lang='lat' dir='ltr'>Germanicarum</span> <span class='ocrx_word' id='word_1_288' title='bbox 1543 4429 1544 4434; x_wconf 8' lang='grc' dir='ltr'>η</span> 
     </span>
     <span class='ocr_line' id='line_1_37' title="bbox 279 4449 1544 4522; baseline -0.006 -12"><span class='ocrx_word' id='word_1_289' title='bbox 279 4456 300 4520; x_wconf 90' lang='lat' dir='ltr'>I,</span> <span class='ocrx_word' id='word_1_290' title='bbox 321 4457 396 4511; x_wconf 86' lang='grc'><strong>1663.</strong></span> <span class='ocrx_word' id='word_1_291' title='bbox 470 4459 485 4511; x_wconf 85' lang='grc'>5</span> <span class='ocrx_word' id='word_1_292' title='bbox 506 4454 619 4510; x_wconf 78' lang='lat' dir='ltr'>Berieht</span> <span class='ocrx_word' id='word_1_293' title='bbox 637 4454 695 4509; x_wconf 84' lang='lat' dir='ltr'>sich</span> <span class='ocrx_word' id='word_1_294' title='bbox 714 4454 787 4510; x_wconf 85' lang='lat' dir='ltr'>wohl</span> <span class='ocrx_word' id='word_1_295' title='bbox 807 4454 858 4508; x_wconf 84' lang='lat' dir='ltr'>auf</span> <span class='ocrx_word' id='word_1_296' title='bbox 874 4453 924 4508; x_wconf 81' lang='lat' dir='ltr'>dae</span> <span class='ocrx_word' id='word_1_297' title='bbox 944 4471 985 4508; x_wconf 89' lang='lat' dir='ltr'>nr.</span> <span class='ocrx_word' id='word_1_298' title='bbox 1006 4453 1040 4508; x_wconf 78' lang='grc'>74</span> <span class='ocrx_word' id='word_1_299' title='bbox 1058 4451 1236 4522; x_wconf 83' lang='lat' dir='ltr'>mitgeteilte.</span> <span class='ocrx_word' id='word_1_300' title='bbox 1314 4449 1427 4506; x_wconf 71' lang='lat' dir='ltr'>estete</span> <span class='ocrx_word' id='word_1_301' title='bbox 1543 4455 1544 4506; x_wconf 82' lang='grc'>1</span> 
     </span>
    </p>
   </div>
   <div class='ocr_carea' id='block_1_10' title="bbox 279 4542 470 4614">
    <p class='ocr_par' dir='ltr' id='par_1_10' title="bbox 279 4542 470 4614">
     <span class='ocr_line' id='line_1_38' title="bbox 279 4542 470 4614; baseline -0.005 -17"><span class='ocrx_word' id='word_1_302' title='bbox 279 4542 470 4614; x_wconf 86' lang='lat' dir='ltr'>querulantes.</span> 
     </span>
    </p>
   </div>
   <div class='ocr_carea' id='block_1_11' title="bbox 0 0 1567 5246">
    <p class='ocr_par' dir='ltr' id='par_1_11' title="bbox 0 0 1567 5246">
     <span class='ocr_line' id='line_1_39' title="bbox 0 0 1567 5246; baseline 0 0"><span class='ocrx_word' id='word_1_303' title='bbox 0 0 1567 5246; x_wconf 95' lang='lat' dir='ltr'> </span> 
     </span>
    </p>
   </div>
  </div>
 </body>
</html>
