3092 5244
806 462 868 527 132

258 642 531 725 m'e'ssiglreit;
565 642 687 706 tadel
712 642 784 707 der
807 642 1001 707 ausfdlle
1023 643 1126 707 Lurs
1149 643 1315 707 aufdie
1337 641 1405 707 lit·

256 751 376 811 terae
398 748 631 812 seculares.
678 747 890 832 Mahnnng
913 770 988 813 zur
1013 749 1315 831 betrachtung
1339 749 1407 814 des

768 853 901 918 tudes

354 1023 538 1089 Venerabili
569 1027 638 1090 viro
677 1026 911 1110 iurispontificij
953 1026 1122 1091 licenciato
1157 1033 1217 1092 etc.
1250 1028 1405 1112 magistro

256 1128 407 1194 Heinrico
433 1127 499 1192 Lur
515 1128 719 1194 Hermannus
735 1129 868 1194 Schedcl
883 1131 1025 1215 phisicus
1045 1131 1256 1215 Augustensis
1271 1133 1408 1198 salntem

254 1233 425 1316 plurimam
460 1238 561 1318 optat.
608 1233 820 1299 Celeberrime
852 1241 1022 1320 preceptor
1055 1235 1219 1320 fraterque
1247 1238 1290 1301 mi
1313 1259 1407 1322 prea-

256 1340 377 1403 mande.
423 1337 496 1421 Hijs
519 1340 630 1403 diebus
649 1341 785 1423 quedam
806 1340 887 1404 milri
903 1342 1021 1424 scripta
1036 1340 1272 1425 elegantissima
1288 1343 1408 1407 doctri-

255 1466 329 1507 nam
353 1443 595 1508 saluberrimam
620 1444 822 1509 continencia
838 1445 963 1509 cuidam
980 1445 1074 1509 fratri
1095 1451 1151 1510 tuo
1173 1445 1296 1511 sincero
1311 1449 1408 1510 missa

255 1554 436 1632 presentata
459 1549 556 1628 fuere,
589 1549 721 1634 ipsaque
743 1571 908 1633 sumopere
941 1551 1004 1634 legi
1039 1571 1075 1614 ac
1098 1574 1160 1616 non
1184 1574 1298 1635 parum
1322 1553 1408 1616 inter

254 1654 387 1739 legendo
399 1653 434 1740 (l)
460 1655 634 1719 delectatus
658 1660 833 1741 cunctaque
850 1656 929 1720 mihi
952 1657 1058 1721 animo
1077 1658 1217 1721 versanti
1241 1678 1303 1722 non
1320 1657 1408 1721 aliud

253 1761 448 1839 occurrebat,
466 1782 561 1843 quam
577 1760 745 1825 veritatem
765 1761 865 1844 ipsam
882 1761 960 1841 fore,
985 1784 1048 1847 que
1063 1762 1259 1847 loqueretur.
1298 1761 1408 1827 Motus

254 1866 362 1949 itaque
383 1865 499 1931 fidncia
521 1867 658 1948 quadem
682 1864 839 1949 singulari
864 1871 896 1930 et
911 1867 1046 1932 caritate
1071 1867 1207 1946 sincera,
1231 1889 1294 1952 qna
1317 1875 1350 1932 te
1367 1869 1409 1932 ab

253 1971 383 2035 ineunte
407 1975 490 2034 etate
513 1991 640 2053 semper
661 1970 754 2034 unica
777 1969 893 2050 dilexi,
924 1971 1047 2053 placuit
1074 1972 1182 2056 aliqua
1206 1977 1260 2036 tua
1284 1974 1408 2056 scripta

254 2075 410 2158 replicare
427 2081 458 2139 et
474 2076 591 2140 eisdem
616 2075 803 2158 respondere
827 2081 858 2139 et
882 2077 1097 2160 respondendo
1116 2079 1205 2142 iuxta
1228 2077 1406 2142 exilitatem

253 2181 387 2266 ingenij,
413 2182 489 2265 quid
512 2182 549 2246 de
572 2182 648 2265 ipsis
672 2181 821 2259 sanciam,
846 2182 983 2266 quadam
1010 2183 1141 2247 audacia
1166 2184 1326 2247 rusticana
1348 2206 1407 2266 ap·

253 2285 366 2367 perire.
412 2284 450 2349 ln
474 2287 586 2369 primis
608 2287 717 2371 itaque
740 2307 808 2364 oro,
832 2309 871 2350 ne
895 2309 976 2351 nova
999 2285 1057 2351 hec
1079 2310 1149 2352 mea
1168 2288 1207 2352 ad
1231 2294 1264 2352 te
1286 2289 1407 2371 scripta

252 2397 347 2474 putas
370 2391 473 2456 iacula
497 2413 563 2456 esse
585 2413 770 2475 morsusque
794 2392 921 2469 livoris,
946 2391 1037 2476 quasi
1062 2393 1239 2457 doctrinam
1263 2399 1329 2456 tam
1353 2414 1404 2457 sa·

254 2496 416 2560 lutiferam
433 2496 537 2561 literis
556 2495 747 2580 explicatam
765 2497 1000 2576 momorderim‚
1024 2498 1077 2561 sed
1097 2498 1319 2563 familiaritate
1342 2499 1404 2562 ianr

253 2607 357 2666 tecum
381 2606 548 2667 contracta
571 2600 761 2666 fiducialiter
785 2602 886 2666 fretus
910 2603 969 2666 tibi
993 2603 1174 2686 significare
1199 2604 1303 2683 volni,
1329 2603 1405 2687 quid

253 2707 331 2770 mihi
354 2709 474 2791 scripta
496 2713 551 2772 tua
574 2708 694 2790 legenti
718 2708 823 2771 animo
846 2707 997 2771 acciderit
1010 2707 1030 2768 ¹.

839 2895 858 2928 ’k

254 3057 304 3093 aus
323 3040 386 3094 dem
404 3039 479 3094 brief
495 3039 563 3092 liure
593 3057 633 3092 nr.
653 3039 686 3094 59
715 3037 772 3090 und
791 3038 865 3091 arete
885 3038 999 3092 ansttae
1028 3055 1075 3091 zur
1093 3038 1311 3108 beantwortung
1336 3039 1405 3094 ibid.

251 3128 270 3180 f.
290 3127 340 3180 301
360 3127 417 3181 und
431 3128 506 3182 301b.
537 3125 624 3180 Dabei
642 3124 770 3194 zugleich
791 3123 922 3179 hinweise
941 3125 993 3178 auf
1002 3126 1077 3179 scine
1088 3126 1213 3194 quellen:
1232 3124 1303 3180 Vide
1317 3126 1405 3182 Fran·

251 3214 353 3268 ciscum
361 3214 492 3276 Petraroa
504 3214 534 3268 in
547 3231 590 3283 ep.
606 3213 642 3267 nd
653 3212 839 3282 incepte[vite
853 3213 1090 3282 perseverantiam
1104 3212 1354 3283 exhortativa]
1375 3214 1404 3267 in

249 3319 290 3372 ep.
310 3319 367 3356 una
381 3305 433 3356 aut
445 3303 553 3356 duabus
569 3317 660 3354 rerum
676 3298 861 3354 familiarium
873 3303 901 3354 et
916 3299 946 3354 in
966 3301 1000 3354 de
1017 3302 1122 3355 secreto
1141 3299 1279 3363 conflictu,
1297 3303 1330 3355 nt
1343 3301 1403 3364 scis,

249 3429 297 3445 ...
314 3429 320 3442 .
341 3390 371 3444 in
389 3388 531 3444 invectiva
549 3393 648 3445 contre
667 3405 810 3458 procacem
823 3392 853 3443 et
865 3388 1052 3445 defensionem
1074 3390 1221 3459 poetarum
1234 3388 1405 3444 auctoritate

251 3478 396 3548 Lactancij
416 3478 543 3548 pulcram
554 3477 590 3545 (1)
616 3476 684 3531 satis
697 3479 726 3532 et
745 3477 814 3531 alibi
834 3475 1022 3532 defensionem
1040 3480 1194 3546 poetarum,
1207 3478 1240 3530 ut
1258 3478 1287 3531 in
1302 3477 1405 3532 Basilio

335 3565 402 3621 Vide
426 3565 460 3621 de
488 3567 539 3622 hoc
565 3565 600 3620 de
617 3565 678 3620 vita
701 3563 837 3620 salutaria
845 3565 874 3632 (l)
887 3606 893 3620 .
908 3606 913 3618 .
928 3602 935 3616 .
955 3563 1026 3618 Vide
1055 3564 1145 3618 vitam
1171 3565 1248 3618 beati
1267 3565 1403 3621 lohannis

249 3653 377 3723 Baptiste
394 3653 425 3710 in
439 3653 566 3724 epistulis
579 3653 722 3709 leronimi.
737 3652 857 3722 Applica
875 3653 929 3707 huc
942 3695 948 3707 .
963 3694 988 3709 ..
1005 3692 1011 3703 .
1033 3652 1101 3707 Vide
1111 3651 1289 3707 Franciscum
1308 3653 1343 3707 de
1353 3653 1404 3708 hoc

249 3743 278 3794 in
297 3741 419 3810 epistula
438 3740 472 3795 de
489 3740 599 3810 incepta
618 3740 675 3795 vite
700 3740 911 3809 perseverancia
925 3779 928 3790 .
940 3779 947 3794 .
959 3780 964 3793 .
978 3739 1047 3794 Vide
1071 3739 1155 3793 Pium
1174 3738 1204 3793 in
1223 3740 1347 3809 epistula
1366 3741 1401 3794 ad

249 3846 311 3885 suos
330 3829 359 3883 in
379 3826 640 3883 Treest....Adde
659 3829 687 3881 et
705 3825 879 3897 o[pinionem
893 3825 919 3896 1]
934 3825 1096 3894 Hieronymi
1119 3825 1149 3880 in
1168 3826 1291 3896 epistula
1309 3827 1344 3882 de
1365 3827 1401 3880 vi-

250 3916 370 3971 tandum
389 3915 509 3985 oredotl)
529 3932 546 3968 a
567 3915 708 3970 consorcia
728 3917 756 3969 ct
775 3913 956 3969 contubernio
976 3911 1079 3967 talium
1102 3913 1236 3983 inprime
1255 3914 1327 3970 libro
1345 3913 1402 3983 epi·

249 4003 386 4060 stularnm
398 4043 417 4059 ..
427 4046 433 4058 .
443 4004 486 4072 ,[1.
496 4003 572 4072 302];
592 4002 631 4057 De
643 4001 699 4072 hijs
716 4018 770 4070 que
783 3999 920 4056 senectuti
933 4000 1056 4070 11ιιιι1(1),
1068 4000 1132 4055 vide
1149 3999 1300 4055 Sallustius
1312 4002 1341 4054 in
1354 4001 1370 4054 J
1373 4018 1401 4052 u·

249 4093 436 4163 gnrtinumll)
456 4131 531 4145 .....
546 4090 614 4145 Vide
633 4090 785 4160 epistulam
804 4093 834 4144 51
856 4090 891 4145 de
910 4089 970 4145 vita
989 4089 1070 4142 huius
1098 4087 1195 4142 mnndi
1214 4089 1244 4142 in
1263 4089 1317 4143 fine
1332 4127 1339 4143 .
1355 4128 1360 4140 .
1375 4128 1400 4140 ..

248 4180 328 4250 epist.
349 4181 383 4235 70
401 4197 482 4249 super
503 4177 693 4235 consolacione
718 4178 876 4235 mortis...
898 4177 947 4232 102
971 4176 1006 4230 de
1029 4176 1148 4246 miserije
1173 4175 1255 4230 huius
1281 4176 1348 4230 vite.
1367 4207 1400 4214 -

248 4266 317 4322 Dass
336 4267 450 4322 Schedel
473 4266 517 4322 bei
545 4266 698 4334 ablassung
716 4265 804 4320 dieses
828 4264 931 4320 briefes
957 4265 1043 4319 echon
1061 4262 1104 4317 im
1124 4263 1212 4318 beeitz
1233 4281 1287 4318 von
1307 4281 1347 4317 nr.
1367 4263 1401 4316 61

248 4373 313 4421 war,
333 4356 409 4424 zeigt
425 4353 475 4409 der
495 4355 622 4410 vermerlr
640 4355 659 4407 f.
672 4355 757 4408 ddlbr
778 4353 846 4406 luna
864 4353 894 4406 in
914 4351 1050 4422 principio
1069 4350 1179 4420 aquarij
1194 4353 1224 4404 9Ιι
1239 4351 1312 4420 junij
1327 4351 1398 4411 1465,

249 4442 427 4497 todesdatum
446 4443 555 4498 Gessels
572 4460 593 4499 s.
612 4461 632 4496 a
655 4442 713 4496 129.
750 4440 815 4510 Vgl.
834 4445 921 4495 nnten
941 4459 982 4496 nr.
1003 4441 1037 4494 65
1059 4455 1135 4492 anm.
1156 4441 1178 4492 1.

318 4528 414 4598 lVgl.
434 4531 504 4586 oben
523 4548 544 4584 s.
565 4531 598 4584 76
618 4547 693 4586 anm.
712 4533 735 4584 3.
