3106 5252
699 414 740 476 35

148 609 227 650 num
250 608 326 669 ergo
349 586 375 650 si
399 586 475 670 quid
498 588 599 667 dabis,
623 588 838 674 gratissimum
857 590 928 669 erit,
945 591 1027 673 quod
1045 595 1076 655 et
1091 590 1124 654 in
1148 591 1214 654 dies
1237 591 1302 655 avi-

148 690 277 756 dissime
300 694 500 775 exspectabo

238 795 383 880 Suscepi,
417 795 577 862 carissime
609 797 728 876 frater,
761 799 904 864 afratre
926 798 1130 884 sigismundo
1155 805 1214 864 etc.
1239 799 1301 864 'Pc-

150 902 288 965 rentium
314 906 425 977 tuum,
460 924 552 985 quem
576 903 689 986 utique
718 905 787 968 iure
811 903 1021 987 proprietatis
1045 905 1123 968 mihi
1148 924 1302 989 usurpare

146 1006 232 1085 volo,
256 1006 338 1071 male
364 1007 446 1072 enim
464 1007 556 1072 libris
570 1009 633 1073 nisi
648 1009 787 1093 propriis
803 1009 851 1073 uti
867 1008 973 1087 vale0;
996 1009 1102 1074 animo
1120 1010 1303 1091 gratissimo

150 1107 266 1196 [aliud]
292 1113 330 1176 ad
353 1113 414 1176 tibi
438 1113 696 1178 satisfaciendum
720 1136 779 1198 pro
803 1135 839 1178 eo
862 1113 1026 1198 polliceor.
1072 1113 1135 1179 Oro
1159 1113 1299 1179 etPlau·

149 1220 220 1280 tum
243 1217 325 1281 mihi
351 1237 535 1300 comparare
557 1215 653 1295 velis,
688 1224 905 1303 quopropter
928 1219 1065 1298 modum,
1088 1241 1181 1302 quem
1207 1218 1303 1283 habet

148 1319 377 1386 facetissimum
412 1323 583 1407 aliquando
613 1324 661 1387 uti
694 1346 829 1408 possem.
874 1323 908 1390 Si
936 1347 999 1408 qua
1022 1325 1120 1388 eciam
1144 1324 1248 1388 iocosa
1271 1327 1303 1386 et

150 1425 357 1490 delectabilia
378 1432 457 1511 aput
476 1432 508 1492 te
531 1434 646 1507 essent,
670 1451 749 1514 rogo
763 1431 953 1510 humillime,
972 1435 1006 1494 ut
1022 1435 1055 1494 et
1070 1429 1147 1513 ipsis
1162 1451 1212 1496 me
1227 1451 1301 1512 par·

147 1531 279 1616 ticipem
303 1530 411 1596 facias.

236 1633 318 1701 Vale
345 1657 416 1702 meo
445 1636 551 1702 valere
582 1638 746 1702 iocundius
782 1644 814 1702 et
836 1660 886 1702 me
909 1639 1039 1716 amicis,
1069 1638 1248 1704 fautoribus
1271 1644 1302 1702 et

145 1741 243 1826 socijs
273 1745 379 1806 tecum
411 1743 610 1807 morantibus
637 1745 858 1809 commendare
887 1766 951 1808 non
975 1745 1206 1828 pretermittas.
1254 1741 1301 1807 Ex

148 1845 336 1934 Aug[usta].

243 1951 375 2017 ¹Habui
398 1954 552 2038 seriptum
577 1955 641 2039 hijs
663 1956 773 2020 diebus
795 1979 814 2019 a
837 1957 991 2040 magistro
1013 1953 1165 2044 J0[anne]
1183 1953 1301 2020 foren-

148 2059 264 2142 berger
279 2055 310 2135 ²,
343 2057 398 2141 qui
422 2059 507 2123 inter
536 2061 599 2124 alia
622 2061 890 2146 complementum
914 2063 1076 2127 cuiusdam
1099 2062 1212 2145 scripti
1234 2084 1301 2126 ma·

147 2163 244 2246 gistri
261 2161 427 2226 Michaelis
451 2164 488 2228 de
512 2163 705 2230 Savonarole
735 2167 773 2231 de
798 2167 940 2231 febribus
963 2167 1078 2232 nullibi
1102 2165 1164 2252 (ut)
1189 2166 1300 2231 scribit

146 2291 178 2333 se
201 2269 362 2352 reperire,
407 2271 606 2360 exactissima
628 2271 774 2336 adhibita
807 2277 913 2336 tamen
945 2294 1050 2356 opera.
1097 2271 1188 2355 Rogo
1212 2277 1247 2335 ut
1272 2277 1303 2334 et

147 2377 230 2441 aduc
261 2382 339 2460 aput
362 2378 523 2461 prefatum
546 2378 737 2464 magistrum
766 2375 950 2465 Jo[annem]
983 2379 1102 2442 instare
1132 2376 1211 2440 velis
1240 2398 1301 2440 non

147 2481 328 2564 desinas(‘?)
353 2489 386 2546 et
411 2483 613 2568 diligentiam
645 2483 794 2548 adhibere
817 2504 999 2567 operosam,
1028 2487 1060 2546 et
1083 2483 1172 2545 iuxta
1195 2481 1304 2565 priora

146 2590 261 2669 optata
293 2587 498 2654 describendo
529 2589 716 2672 ampliorem
747 2594 887 2652 meretur
901 2591 953 2672 (f).
1000 2585 1040 2652 ‘si
1077 2589 1156 2652 bene
1179 2607 1300 2651 memor

146 2714 228 2770 sum,
252 2692 317 2757 scio
340 2694 498 2778 originale
522 2695 660 2759 eiusdem
683 2694 795 2778 scripti
819 2716 885 2758 esse
908 2699 987 2777 aput
1011 2693 1166 2776 quendam
1190 2692 1299 2756 docto·

148 2819 215 2860 rem
239 2799 395 2864 medicine
420 2801 547 2865 nomine
571 2800 726 2886 Georgius
735 2801 776 2883 (f)
800 2801 838 2864 de
861 2799 1022 2884 Pnean),
1046 2821 1139 2882 quem
1163 2798 1243 2861 aduc
1267 2797 1300 2860 in
1326 2835 1328 2840 ·

148 2902 296 2967 humanis
320 2925 386 2968 esse
409 2903 534 2970 audio³.

716 3171 734 3209 d

151 3253 286 3308 derisum.
323 3255 394 3310 Sunt
413 3254 488 3310 enim
512 3255 703 3313 huiuscemodi
727 3274 760 3312 ac
787 3273 857 3327 pene
874 3253 984 3310 infinite
1010 3252 1041 3306 in
1069 3269 1164 3307 amore
1183 3250 1299 3314 miserie,

148 3357 269 3408 quarum
289 3344 422 3395 accurata
440 3341 629 3398 dinumeraeio
648 3361 701 3398 nec
718 3346 832 3413 experto
852 3341 1007 3396 necessaria
1033 3341 1075 3393 est
1093 3355 1144 3393 nec
1162 3338 1302 3393 credibilis

148 3427 335 3496 inexperto..
351 3470 356 3481 .
372 3468 376 3479 .
406 3428 510 3484 Hortor
529 3446 595 3498 ergo
614 3432 643 3485 te
661 3431 800 3494 fraterne,
820 3433 853 3484 ut
873 3427 1014 3484 voluntati
1033 3444 1054 3482 r.
1074 3427 1165 3496 patris
1185 3426 1211 3478 d.
1231 3425 1302 3495 epis·

149 3514 211 3584 copi
232 3514 419 3583 Eystetteneis
439 3519 467 3570 te
486 3517 650 3572 confirmare
669 3517 745 3572 velis.
783 3517 828 3569 lta
846 3515 921 3570 enim
940 3513 993 3568 tibi
1013 3513 1142 3577 aflicitur,
1163 3515 1196 3567 ut
1215 3505 1301 3567 nemi·

150 3619 214 3656 nem
234 3602 317 3658 hodie
330 3602 424 3658 vivere
437 3604 612 3668 contendam,
632 3605 677 3658 cui
696 3604 786 3674 magis
805 3603 969 3658 efficiatur-,e

227 3694 238 3745 l
260 3692 315 3745 Dae
334 3692 467 3762 folgende
494 3692 690 3762 nachtrtglieh
716 3694 871 3762 zngesetat,
900 3691 964 3746 sehr
982 3689 1107 3758 fliichtig,
1126 3688 1214 3743 daber
1235 3688 1301 3744 viel-

147 3781 214 3834 fach
233 3779 377 3836 unsichere
402 3781 511 3850 lesnng.
569 3781 645 3834 21m
666 3779 1002 3849 Niirnber'geritatebuch
1022 3778 1048 3833 p
1060 3778 1078 3832 f.
1093 3777 1157 3832 ‘353¹’
1180 3775 1301 3846 [Niirnb.

148 3867 339 3936 Kreisarchivl
353 3869 445 3922 steht:
470 3869 559 3922 »Item
578 3868 674 3924 doctor
687 3868 798 3924 Johann
816 3867 988 3936 Fornberger
1008 3865 1050 3919 als
1069 3865 1117 3919 der
1136 3882 1191 3918 von
1211 3863 1301 3918 einem

150 3959 214 4010 rate
232 3955 316 4010 etlieh
335 3957 394 4026 gelt
412 3975 445 4009 au
470 3955 595 4010 studiren
614 3956 721 4026 gehabt
733 3949 790 4010 'hat
810 3954 866 4008 vnd
890 3954 995 4008 darmit
1021 3953 1116 4010 doctor
1135 3951 1247 4008 worden
1265 3951 1303 4004 ist

151 4043 206 4108 vnd
227 4061 265 4096 nu
283 4043 390 4112 begert,
409 4044 449 4097 im
470 4061 675 4110 znuergonnen‚
696 4062 733 4098 an
751 4043 858 4098 andern
877 4042 967 4097 endan
985 4060 1019 4094 au
1032 4041 1171 4109 dyennen,
1191 4039 1251 4094 also
1262 4038 1302 4091 iat

150 4130 188 4184 im
208 4131 256 4186 des
274 4149 329 4187 von
348 4131 438 4186 einem
457 4135 521 4187 rate
540 4133 682 4200 vergonnt
707 4131 834 4195 worden,
860 4131 930 4186 doch
954 4145 1038 4182 wann
1061 4129 1091 4182 in
1118 4127 1163 4181 ein
1188 4128 1251 4179 rate
1269 4143 1302 4178 nu

151 4217 200 4272 der
219 4221 278 4272 stat
298 4218 374 4273 diust
392 4218 527 4276 widerum
540 4219 661 4276 vordern
679 4220 779 4283 werde,
798 4219 890 4274 deser
903 4219 979 4272 dann
999 4216 1047 4270 des
1065 4216 1230 4284 gehorsame
1244 4230 1300 4280 say,

152 4305 180 4359 in
200 4305 283 4361 malle
303 4324 332 4361 er
352 4307 400 4362 des
420 4325 475 4377 gen
493 4307 574 4362 einen
592 4310 654 4362 rate
668 4305 841 4361 verschriben
855 4305 966 4362 istaut.
980 4303 1030 4356 fer.
1047 4303 1093 4354 Vl.
1104 4304 1167 4372 post
1180 4318 1301 4356 convers.

142 4391 233 4448 ,Pauli
254 4395 346 4447 msa«
401 4397 417 4449 3
437 4393 520 4463 Liegt
538 4413 560 4448 z.
581 4394 608 4447 b.
629 4411 678 4448 vor
699 4393 728 4446 in
746 4393 809 4447 clm.
823 4394 880 4454 184,
902 4391 951 4444 der
969 4406 1019 4442 aus
1038 4389 1101 4442 dem
1116 4388 1202 4444 beaita
1216 4387 1301 4441 Hart-

152 4499 238 4537 maun
257 4480 385 4537 Schedels
404 4485 529 4537 stammt.
570 4483 632 4552 Vgl.
651 4484 739 4536 nnten
759 4500 801 4534 nr.
822 4483 864 4534 55.
1077 4565 1091 4598 *

1049 4566 1065 4619 3
