3092 5244
684 523 725 587 69

123 700 214 766 ribus
239 700 378 765 humeris
412 699 490 765 meis
520 699 696 783 imparibus
719 704 912 770 submissum
933 700 1041 778 scitis,
1071 722 1132 785 quc
1155 701 1281 785 quidem

123 827 222 870 onera
244 804 385 889 plurium
409 805 663 871 doctissimorum
693 809 823 895 alteque
846 807 1042 893 exporicucie
1065 805 1206 870 virorum
1231 806 1280 869 in-

124 911 220 994 genia
236 915 450 994 exposcerent,
474 912 589 996 quibus
604 935 663 996 par
678 935 744 980 esse
759 937 823 981 non
846 913 967 998 potoris
979 913 1024 996 (l).
1049 909 1139 974 Inter
1154 913 1275 975 ceteras

122 1017 260 1101 denique
283 1015 518 1081 commissiones
536 1017 615 1080 mihi
638 1017 741 1083 iactas
758 1024 895 1085 vestram
921 1013 1129 1101 proculdubio
1153 1033 1276 1076 summo

125 1121 204 1185 rnilri
228 1121 482 1186 commendatam
506 1121 615 1186 habco.
661 1122 801 1209 Repperi
825 1126 924 1190 eciam
947 1118 1164 1206 procuratoris
1185 1137 1277 1182 man·

122 1227 242 1306 datum,
268 1247 331 1310 quo
355 1225 549 1310 generaliter
571 1226 610 1291 ad
632 1227 706 1294 lites
729 1251 787 1314 per
813 1227 972 1294 Erelbach
995 1223 1084 1290 vobis
1107 1222 1276 1288 movendas

123 1335 155 1395 et
178 1332 320 1396 nondum
342 1336 445 1396 motas
467 1337 708 1416 procuratorem
732 1341 874 1401 vestrum
889 1333 1099 1400 constitutum
1120 1350 1171 1392 me
1187 1329 1277 1414 (con-

122 1437 286 1521 stitutum)
309 1437 409 1503 rideo.
457 1435 576 1502 Verum
600 1461 672 1504 cum
688 1440 843 1507 hactenus
859 1440 948 1506 nulla
971 1437 1060 1504 vobis
1083 1433 1198 1501 citacio
1220 1454 1278 1516 per

122 1543 227 1627 ipsum
250 1542 412 1607 insinuata
434 1543 487 1622 sit,
510 1564 750 1626 supervacuum,
774 1569 881 1632 ymmo
904 1544 1026 1610 nullius
1058 1540 1198 1606 efficacie
1221 1539 1280 1604 hoc

122 1648 307 1712 mandatum
332 1651 389 1712 est.
436 1646 505 1713 Hoc
528 1670 587 1732 pro
609 1654 700 1716 tanto
725 1653 813 1718 vobis
836 1651 1001 1737 cognitum
1024 1647 1065 1712 iri
1080 1645 1177 1726 volui,
1200 1650 1237 1710 ut
1251 1644 1279 1708 si

122 1752 156 1815 in
181 1755 277 1816 antea
300 1751 339 1816 ad
363 1752 554 1817 instanciam
578 1755 647 1818 aius
670 1755 873 1836 citaremini‚
895 1775 1013 1819 novum
1035 1750 1218 1816 mandatum
1242 1769 1280 1812 cx

121 1857 191 1942 ipsa
225 1857 381 1922 citacione
415 1857 612 1922 fundandum
649 1861 870 1926 transmittere
902 1880 966 1924 non
1000 1855 1182 1941 negligetis.
1230 1853 1279 1918 ad

121 1962 212 2026 litem
237 1962 341 2042 enim,
366 1983 427 2047 que
458 1969 612 2043 nonest,
644 1969 832 2048 procurator
856 1965 1014 2031 istomodo
1038 1960 1191 2028 constitui
1214 1980 1278 2024 non
1341 2031 1343 2036 ,

121 2072 228 2150 potest
245 2065 265 2132 ¹.
313 2066 359 2132 De
382 2067 600 2150 imperialibus
623 2070 754 2154 insuper
776 2072 925 2155 precibus
948 2071 978 2134 d.
996 2067 1184 2132 Heinricum
1207 2065 1277 2149 ple·

121 2173 238 2236 barrum
262 2173 295 2236 in
314 2171 531 2238 Maerensuli²
555 2180 661 2239 vestro
684 2178 827 2262 cognati
850 2176 947 2242 vestri
971 2175 1098 2239 nomine
1122 2172 1277 2236 avisatum

120 2276 180 2340 feci
204 2280 237 2340 et
252 2276 375 2342 faciam.
423 2277 470 2342 Dc
485 2279 613 2345 domino
630 2279 780 2361 Karolo³‚
805 2283 921 2366 quibus
936 2279 1086 2365 auspicijs
1105 2278 1276 2363 dirigatur,

120 2383 262 2447 incertus
284 2404 365 2461 sum,
390 2405 492 2466 neque
517 2384 554 2449 de
578 2386 646 2450 vita
670 2387 736 2451 eius
753 2388 801 2453 vel
818 2394 921 2454 morte
943 2391 1016 2472 post
1032 2384 1203 2450 sollicitam
1226 2383 1275 2445 in·

121 2487 327 2572 quisicionem
352 2512 371 2554 a
394 2512 555 2575 quoquam
582 2494 750 2558 cerciorari
766 2494 865 2579 quiri.
912 2492 1042 2558 instabo
1058 2495 1165 2554 tamen
1180 2509 1278 2571 opera

122 2595 234 2660 maiori
258 2595 362 2680 siquid
386 2595 454 2660 reri
477 2595 556 2660 mihi
580 2596 778 2663 innotescere
809 2599 921 2683 possit.
977 2597 1021 2662 De
1046 2592 1274 2681 persecutore⁴

122 2701 251 2784 insuper
275 2705 395 2778 nostro,
420 2723 513 2786 quem
539 2723 592 2766 vos
615 2702 834 2787 sicophautem
858 2724 1095 2787 ganeonemqua
1128 2700 1277 2784 appelare

122 2806 320 2888 promerito
343 2805 509 2884 voluistis,
540 2829 578 2872 ex
601 2808 720 2873 litteris
742 2809 922 2874 consulatui
953 2808 1056 2873 missis
1079 2828 1134 2871 vos
1156 2805 1274 2870 cercio-

122 2911 256 2995 rari(?),
281 2912 312 2975 id
336 2911 389 2975 hic
411 2917 567 2996 pretereo,
597 2915 653 2998 qui
675 2915 762 2979 omni
784 2914 972 2980 verecundia
1001 2917 1121 2978 semota
1144 2917 1175 2976 et
1197 2912 1276 2995 phas

120 3021 152 3080 et
176 3016 298 3100 nephas
322 3016 480 3100 impavide
497 3019 672 3105 agreditur,
697 3041 790 3105 quem
807 3019 938 3085 infamio
962 3021 1059 3084 rubor
1084 3017 1185 3084 tantis
1209 3039 1275 3082 ma-

120 3122 203 3187 culis
226 3121 363 3202 fedavit‚
398 3128 434 3186 ut
457 3125 617 3191 maliciam
641 3126 812 3204 honorem,
842 3126 999 3190 iniustum
1027 3126 1148 3190 iustum
1180 3129 1276 3208 atque

119 3227 265 3312 iniquum
284 3248 399 3312 equum
416 3232 508 3312 putet
525 3233 557 3292 et
572 3228 887 3313 calumpniosissimis
902 3230 967 3294 suis
983 3229 1184 3294 tradimentis
1200 3249 1274 3294 oon·

122 3337 172 3396 tra
196 3331 290 3396 fidem
315 3338 346 3398 et
369 3333 584 3403 iuramentum
606 3335 776 3421 plerosque
800 3336 979 3421 iuquietare
1002 3357 1065 3399 uon
1089 3338 1245 3399 vereatur.

210 3437 338 3502 Monete
366 3439 534 3505 valorem⁵
558 3440 611 3505 hic
633 3444 814 3506 currentem
837 3442 929 3506 etde
960 3462 1042 3506 nora
1065 3443 1194 3504 moneta
1216 3439 1277 3503 hoc

122 3547 267 3626 tempore
290 3543 341 3610 hic
364 3546 506 3610 cudendo
528 3569 586 3631 per
608 3545 745 3611 famulos
767 3547 929 3611 societatis
951 3544 1082 3610 vestre⁰
1118 3543 1274 3608 verisimi-

120 3647 195 3712 liter
230 3669 284 3714 vos
318 3650 524 3716 cercioratum
559 3651 708 3716 arbitror.
765 3650 887 3716 Rursus
922 3673 961 3714 ne
996 3672 1067 3716 cum
1091 3649 1152 3713 mei
1175 3649 1276 3733 ipsius

121 3755 288 3819 immemor
310 3775 536 3838 cognoscerer,
570 3757 746 3821 alienarum
775 3779 883 3822 rerum
914 3757 1018 3821 minus
1041 3754 1178 3839 diligens
1200 3775 1273 3837 pre-

120 3881 237 3940 surmrr,
260 3861 373 3925 maiori
397 3883 489 3945 prece
515 3883 568 3926 vos
590 3860 703 3927 hortor
719 3869 751 3928 et
773 3884 895 3942 moneo,
919 3867 955 3928 ut
977 3882 1106 3945 operam
1129 3883 1200 3925 cum
1224 3881 1274 3924 ce·

691 3970 709 4005 -Ἀ

195 4035 207 4087 1
230 4034 299 4088 1460
317 4034 386 4089 febr.
404 4037 421 4089 6
441 4035 677 4106 bevollmtchtigt
696 4035 872 4092 dossembrot
897 4049 1011 4105 »wegen
1030 4035 1080 4088 der
1097 4033 1198 4103 sprtich
1217 4031 1273 4086 rnd
1307 4083 1309 4087 .

120 4121 275 4191 vordrung‚
302 4139 332 4178 so
360 4121 496 4178 Heinrich
513 4120 651 4178 Eralbach
677 4141 710 4177 zu
729 4124 783 4177 mir
802 4142 834 4178 aa
864 4124 951 4192 legen
977 4123 1033 4177 rnd
1053 4140 1086 4176 cn
1105 4121 1197 4176 haben
1217 4137 1274 4176 ver-

120 4211 244 4266 mainet«
264 4210 318 4264 mit
337 4211 445 4266 andern
464 4214 628 4281 genannteu
655 4214 727 4267 auch
745 4211 880 4268 Valentio
900 4211 979 4266 Eber.
1015 4208 1210 4264 Herwartsche
1223 4207 1274 4260 Ur-

120 4297 396 4368 kundensammluug
414 4299 434 4354 l.
448 4299 589 4370 Supplem.
609 4299 638 4353 T.
658 4300 694 4357 ΙΙ.
722 4300 825 4370 Augsb.
846 4297 1036 4354 Stadtarclriv.
1109 4297 1125 4348 2
1145 4294 1275 4349 Mattsies

120 4385 164 4439 bei
183 4385 373 4440 Mindelheim.
459 4384 582 4456 3llgen.
653 4387 821 4442 tErlbach.
894 4385 987 4441 bcod.
1008 4383 1105 4439 valoti.
1188 4381 1274 4436 onie

119 4472 237 4529 societas
259 4473 297 4527 ist
329 4473 374 4528 die
396 4473 697 4544 handelsgcsellschaft
723 4474 923 4530 Gossembrots.
966 4461 1040 4526 liber
1067 4470 1113 4525 die
1132 4475 1274 4523 miinnrer·

121 4559 337 4632 schlechterung
355 4578 376 4614 s.
391 4561 492 4626 Hubcr,
511 4562 607 4617 Gesch.
631 4561 817 4620 Oesterreichs
836 4562 883 4624 Ill,
906 4561 966 4617 153.
1003 4556 1273 4614 Stttdtcchroniken

124 4647 263 4713 v,111t
