3106 5252
827 470 868 535 54

259 641 354 728 aium]
379 646 411 705 te
433 644 465 706 in
484 641 749 730 b[accalaureum]
766 641 777 678 ¹
801 665 867 721 csse
882 647 1073 727 promotum,
1098 645 1180 728 quod
1199 650 1232 709 et
1248 645 1410 730 singulare

261 746 341 811 mihi
364 747 476 812 attulit
499 748 649 813 solamen.
688 747 797 832 Spero,
821 752 853 813 te
876 749 908 812 in
933 749 999 813 dies
1024 750 1062 814 ad
1086 750 1205 815 alciora
1229 751 1410 816 tendentem

260 852 440 918 uberiorem
462 853 594 936 adipisci
610 853 798 936 profectum,
822 853 859 933 si,
883 858 919 918 ut
942 874 1043 936 spero,
1067 855 1209 919 animum
1232 859 1321 920 tuum
1344 860 1411 920 stu·

261 959 312 1023 dio
336 960 489 1022 bonarum
505 958 624 1022 arcium
643 961 675 1020 et
691 979 814 1022 morum
831 956 981 1022 continuo
1004 959 1191 1041 applicabis.
1227 957 1363 1039 Vellem,
1385 960 1411 1022 si

261 1063 377 1127 bonum
393 1063 424 1125 in
443 1061 704 1126 adminiculatis²
721 1062 866 1126 haurires
882 1061 1135 1143 fundamentum,
1159 1068 1196 1128 ut
1213 1064 1410 1148 quamtocius

260 1174 292 1231 te
322 1166 361 1231 ad
384 1165 526 1230 Ytaliam
560 1166 763 1246 transferres,
797 1166 849 1230 ubi
887 1165 1073 1232 thesaurum
1104 1168 1308 1232 scientiarum
1339 1168 1411 1252 plus

261 1294 357 1357 quam
367 1273 400 1336 in
426 1277 482 1336 tua
496 1272 629 1356 adipisci
645 1293 752 1355 posses
767 1271 985 1336 universitate.
1032 1271 1133 1337 Miror
1149 1295 1206 1337 cur
1221 1278 1277 1337 tua
1292 1275 1411 1357 scripta

259 1399 422 1462 nunquam
446 1380 524 1460 aput
547 1399 596 1442 me
619 1376 724 1462 longis
747 1377 810 1440 iam
834 1377 1002 1442 retroactis
1018 1376 1129 1442 diebus
1152 1382 1409 1462 comparuerunt.

260 1480 333 1546 Non
356 1482 441 1546 enim
465 1503 562 1558 secus,
589 1503 682 1566 quam
705 1482 732 1545 si
755 1481 816 1546 tibi
839 1481 1049 1546 alienissimus
1073 1503 1180 1562 essem,
1205 1504 1281 1566 erga
1304 1503 1354 1546 me
1376 1485 1407 1548 te

260 1587 408 1666 exhibes,
442 1609 511 1652 cum
544 1591 662 1667 tamen,
698 1609 759 1672 que
781 1587 934 1650 honorem
964 1590 997 1650 et
1019 1585 1199 1669 profectum
1224 1603 1411 1652 conseruere

260 1695 394 1776 possunt
416 1696 517 1770 tuum,
541 1714 590 1756 nie
612 1692 660 1756 ati
685 1692 961 1776 germanissimum
977 1713 1101 1774 semper
1122 1692 1263 1757 haberes.
1304 1690 1409 1756 Unum

260 1795 450 1879 prochdolor
475 1796 535 1861 tibi
559 1797 720 1862 insinuare
743 1818 848 1880 cogor,
874 1797 1051 1880 genitorem
1067 1817 1170 1860 meum
1193 1797 1276 1862 circa
1291 1797 1406 1862 festum

259 1901 361 1966 sancti
386 1901 603 1986 Bartholomej
633 1903 719 1988 [aug.
744 1901 799 1988 24]
823 1901 969 1985 proxime
993 1901 1135 1984 elapsum
1158 1903 1243 1968 viam
1266 1902 1411 1967 universe

258 2005 363 2071 carnis
386 2027 452 2070 esse
475 2007 654 2091 ingressum
676 2006 729 2072 hic
752 2028 875 2072 mecum
906 2005 1084 2091 Auguste³.
1131 2006 1194 2071 Pro
1217 2007 1284 2072 eius
1306 2005 1409 2071 anime

260 2133 336 2194 ergo
368 2110 469 2176 salute
499 2111 699 2175 oracionibus
731 2112 795 2175 tuis
818 2111 939 2176 devotis
969 2131 1045 2194 erga
1074 2112 1167 2176 deum
1201 2112 1354 2176 humilem
1378 2116 1409 2175 te

259 2215 390 2295 exhibe,
422 2215 536 2280 obnixe
566 2236 663 2299 rogo,
695 2219 816 2280 utnon
840 2216 968 2294 dubito,
1000 2216 1105 2282 facies.
1151 2216 1317 2282 Successus
1339 2220 1409 2281 tuos

258 2341 427 2404 prosperos
451 2325 484 2384 et
504 2321 712 2385 valitudinem
735 2322 875 2404 corporis
898 2321 977 2384 mibi
1000 2321 1128 2405 scriptia
1152 2322 1216 2386 tuis
1239 2345 1309 2387 cnm
1334 2344 1407 2406 pro-

258 2426 343 2489 ximo
378 2430 564 2491 occurrente
596 2426 757 2490 insinuare
787 2448 850 2491 non
874 2428 993 2511 pigeat.
1039 2427 1077 2492 In
1094 2425 1222 2494 Christo
1253 2434 1285 2493 te
1308 2430 1410 2496 valere

258 2531 362 2614 cupio,
386 2533 442 2616 qui
460 2553 626 2616 personam
643 2538 730 2597 tuam
755 2533 834 2596 mihi
851 2555 955 2598 caram
972 2554 1156 2599 conservare
1180 2534 1332 2620 dignetur
1355 2558 1410 2620 per

260 2641 403 2720 tempora
426 2637 585 2702 diuturna.
632 2637 679 2701 Ex
704 2635 880 2724 Magneta]
905 2637 985 2702 feria
1007 2643 1097 2703 sexta
1120 2644 1194 2703 ante
1217 2638 1355 2704 Simonis
1377 2645 1407 2705 et

258 2739 340 2806 Jude
363 2742 582 2825 apostolorum
605 2740 700 2808 L1X0.

730 2899 936 2907 ω

801 2948 859 3020 23.

258 3070 384 3144 Ulrich
412 3068 653 3141 Gossembrot
694 3092 743 3140 an
781 3069 907 3142 seineu
937 3071 1042 3142 vater
1072 3067 1296 3164 Sigismuud.
1339 3071 1406 3143 Pa-

627 3189 701 3262 dua
735 3191 829 3262 1459
861 3212 943 3263 nov.
971 3191 1031 3263 30.

416 3307 477 3365 clm.
492 3310 543 3364 424
556 3311 574 3364 f.
588 3309 719 3367 324-26.
747 3309 890 3364 Abschrift
910 3311 1069 3366 Hartmann
1088 3311 1216 3367 Schcdels
1228 3314 1247 3368 ⁴.

257 3435 704 3518 Lobeserhebungen.
767 3435 1075 3501 Nachrichten
1111 3438 1408 3523 vongesehtif-

257 3549 403 3607 tenan
440 3539 1410 3644 derkauriezuMantuaundvonSigismund

258 3646 522 3711 Meisterlin.
551 3643 1410 3731 Ubersendungitalienischerbildnisse.

345 3787 528 3851 Genitorem
560 3807 651 3850 suum
683 3784 850 3850 Udalricus
879 3783 1112 3872 Gosstemprot]
1148 3787 1311 3874 salute(m)
1336 3787 1408 3872 plu·

728 3890 731 3895 ’
826 3893 846 3928 it·

329 3962 340 4014 1
364 3959 505 4015 Viclmehr
518 3957 724 4028 magisterium,
743 3976 763 4012 s.
778 3958 968 4014 wattenbach
989 3959 1006 4012 i.
1026 3957 1053 4015 d.
1069 3957 1088 4011 F
1091 3958 1265 4027 orschungen
1286 3959 1333 4025 XI,
1352 3961 1411 4017 361.

257 4048 327 4103 Dass
346 4047 425 4102 nicht
443 4050 516 4103 etwa
536 4045 694 4102 einirrtum
711 4045 750 4100 im
763 4046 861 4101 datum
879 4047 1011 4116 vorliegt‚
1029 4045 1105 4116 zeigt
1127 4064 1169 4102 nr.
1184 4045 1225 4104 26.
1298 4048 1314 4100 2
1332 4047 1412 4104 Nach

257 4154 298 4191 nr.
318 4137 353 4189 24
370 4134 408 4188 ist
426 4134 486 4189 hier
506 4134 615 4188 artibus
634 4133 852 4189 cinzuschieben.
925 4137 941 4188 3
961 4131 1000 4187 Er
1018 4135 1090 4189 hiess
1104 4134 1245 4201 Heinrich,
1265 4135 1316 4190 wie
1329 4137 1411 4190 Hart-

257 4241 357 4278 manna
369 4221 576 4278 haaskalender
590 4221 665 4290 [clm.
680 4221 742 4292 533]
754 4221 837 4290 zeigt
853 4239 894 4277 wo
908 4221 928 4274 f.
938 4222 1001 4274 lllb
1011 4241 1033 4275 a.
1046 4220 1113 4291 jahr
1128 4222 1194 4278 1480
1207 4220 1298 4276 steht:
1320 4222 1413 4278 »Obiit

258 4312 349 4366 mater
362 4309 482 4367 doctoris
497 4307 657 4373 Hermanni,
676 4326 744 4363 uxor
759 4309 879 4364 Heinrici
892 4309 1021 4365 Schedels
1031 4309 1060 4364 in
1075 4309 1198 4366 crastino
1212 4310 1413 4380 assumptionis

258 4399 361 4453 Marie‹
387 4399 534 4468 [aug.16].
571 4397 661 4452 Uaber
686 4397 733 4452 die
754 4400 860 4453 mutter
885 4415 906 4451 s.
936 4397 1112 4453 noctanten
1132 4415 1173 4454 nr.
1193 4401 1234 4453 67.
1327 4397 1411 4452 ania

261 4487 341 4542 stelle
360 4486 427 4542 tiber
445 4485 602 4542 Meisterlin
620 4486 678 4540 und
699 4485 804 4556 einiges
825 4486 929 4542 andere
947 4503 998 4540 aus
1016 4485 1119 4541 diesem
1133 4485 1207 4540 brief
1218 4485 1269 4541 hat
1282 4487 1413 4542 Watten-

263 4572 331 4626 bach
350 4572 389 4626 im
409 4575 475 4630 Ana.
495 4573 515 4627 f.
534 4573 594 4629 ch
607 4574 632 4630 d.
649 4574 708 4630 Vnt.
727 4573 799 4638 XVI.
814 4574 885 4631 roff.
904 4573 1070 4642 mitgeteitt.
