<?xml version="1.0" encoding="UTF-8"?>
<!DOCTYPE html PUBLIC "-//W3C//DTD XHTML 1.0 Transitional//EN"
    "http://www.w3.org/TR/xhtml1/DTD/xhtml1-transitional.dtd">
<html xmlns="http://www.w3.org/1999/xhtml" xml:lang="en" lang="en">
 <head>
  <title>
</title>
<meta http-equiv="Content-Type" content="text/html;charset=utf-8" />
  <meta name='ocr-system' content='tesseract 3.04.00' />
  <meta name='ocr-capabilities' content='ocr_page ocr_carea ocr_par ocr_line ocrx_word'/>
</head>
<body>
  <div class='ocr_page' id='page_1' title='image "./hermannschedels00joacgoog_0154.png"; bbox 0 0 3092 5244; ppageno 0'>
   <div class='ocr_carea' id='block_1_1' title="bbox 810 447 871 512">
    <p class='ocr_par' dir='ltr' id='par_1_1' title="bbox 810 447 871 512">
     <span class='ocr_line' id='line_1_1' title="bbox 810 447 871 512; baseline 0.033 -2"><span class='ocrx_word' id='word_1_1' title='bbox 810 447 871 512; x_wconf 81' lang='lat'><strong>138</strong></span> 
     </span>
    </p>
   </div>
   <div class='ocr_carea' id='block_1_2' title="bbox 265 618 1416 917">
    <p class='ocr_par' dir='ltr' id='par_1_2' title="bbox 265 618 1416 917">
     <span class='ocr_line' id='line_1_2' title="bbox 266 618 1414 706; baseline 0 -21"><span class='ocrx_word' id='word_1_2' title='bbox 266 619 420 688; x_wconf 79' lang='lat' dir='ltr'>Omnibus</span> <span class='ocrx_word' id='word_1_3' title='bbox 443 621 636 706; x_wconf 80' lang='lat' dir='ltr'><strong>posthabitis</strong></span> <span class='ocrx_word' id='word_1_4' title='bbox 658 624 690 684; x_wconf 90' lang='lat' dir='ltr'><strong>te</strong></span> <span class='ocrx_word' id='word_1_5' title='bbox 715 620 841 684; x_wconf 85' lang='lat' dir='ltr'><strong>tandem</strong></span> <span class='ocrx_word' id='word_1_6' title='bbox 864 618 924 683; x_wconf 91' lang='lat' dir='ltr'><strong>tibi</strong></span> <span class='ocrx_word' id='word_1_7' title='bbox 941 619 1075 685; x_wconf 91' lang='lat' dir='ltr'><strong>restitue</strong></span> <span class='ocrx_word' id='word_1_8' title='bbox 1091 624 1123 686; x_wconf 88' lang='lat' dir='ltr'><strong>et</strong></span> <span class='ocrx_word' id='word_1_9' title='bbox 1139 626 1242 686; x_wconf 85' lang='lat' dir='ltr'><strong>tecum</strong></span> <span class='ocrx_word' id='word_1_10' title='bbox 1259 622 1297 685; x_wconf 91' lang='lat' dir='ltr'><strong>de</strong></span> <span class='ocrx_word' id='word_1_11' title='bbox 1312 625 1414 686; x_wconf 90' lang='lat' dir='ltr'><strong>morte</strong></span> 
     </span>
     <span class='ocr_line' id='line_1_3' title="bbox 266 724 1415 812; baseline -0.002 -20"><span class='ocrx_word' id='word_1_12' title='bbox 266 729 408 811; x_wconf 80' lang='lat' dir='ltr'><strong>cogitare</strong></span> <span class='ocrx_word' id='word_1_13' title='bbox 431 727 546 812; x_wconf 78' lang='lat' dir='ltr'>incipe,</span> <span class='ocrx_word' id='word_1_14' title='bbox 569 727 619 792; x_wconf 89' lang='lat' dir='ltr'><strong>cui</strong></span> <span class='ocrx_word' id='word_1_15' title='bbox 645 727 760 790; x_wconf 89' lang='lat' dir='ltr'><strong>sensim</strong></span> <span class='ocrx_word' id='word_1_16' title='bbox 778 729 811 790; x_wconf 91' lang='lat' dir='ltr'><strong>et</strong></span> <span class='ocrx_word' id='word_1_17' title='bbox 826 726 950 790; x_wconf 81' lang='lat' dir='ltr'><strong>nescius</strong></span> <span class='ocrx_word' id='word_1_18' title='bbox 967 725 1214 810; x_wconf 79' lang='lat' dir='ltr'><strong>appropinquas.</strong></span> <span class='ocrx_word' id='word_1_19' title='bbox 1263 724 1415 790; x_wconf 88' lang='lat' dir='ltr'><strong>Rescissis</strong></span> 
     </span>
     <span class='ocr_line' id='line_1_4' title="bbox 265 827 1416 917; baseline -0.003 -20"><span class='ocrx_word' id='word_1_20' title='bbox 265 833 343 897; x_wconf 85' lang='lat' dir='ltr'><strong>velis</strong></span> <span class='ocrx_word' id='word_1_21' title='bbox 365 833 568 917; x_wconf 81' lang='lat' dir='ltr'><strong>tenebrisque</strong></span> <span class='ocrx_word' id='word_1_22' title='bbox 591 832 739 897; x_wconf 82' lang='lat' dir='ltr'><strong>discursis</strong></span> <span class='ocrx_word' id='word_1_23' title='bbox 762 832 795 896; x_wconf 92' lang='lat' dir='ltr'><strong>in</strong></span> <span class='ocrx_word' id='word_1_24' title='bbox 818 831 907 896; x_wconf 89' lang='lat' dir='ltr'><strong>illam</strong></span> <span class='ocrx_word' id='word_1_25' title='bbox 932 833 1040 896; x_wconf 90' lang='lat' dir='ltr'><strong>oculos</strong></span> <span class='ocrx_word' id='word_1_26' title='bbox 1062 832 1135 915; x_wconf 84' lang='lat' dir='ltr'><strong>fige.</strong></span> <span class='ocrx_word' id='word_1_27' title='bbox 1179 827 1261 895; x_wconf 78' lang='lat' dir='ltr'><strong>Cere</strong></span> <span class='ocrx_word' id='word_1_28' title='bbox 1285 853 1325 894; x_wconf 90' lang='lat' dir='ltr'><strong>no</strong></span> <span class='ocrx_word' id='word_1_29' title='bbox 1349 830 1416 894; x_wconf 88' lang='lat' dir='ltr'><strong>ulla</strong></span> 
     </span>
    </p>
   </div>
   <div class='ocr_carea' id='block_1_3' title="bbox 266 936 1529 1023">
    <p class='ocr_par' dir='ltr' id='par_1_3' title="bbox 266 936 1529 1023">
     <span class='ocr_line' id='line_1_5' title="bbox 266 936 1529 1023; baseline -0.002 -22"><span class='ocrx_word' id='word_1_30' title='bbox 266 939 332 1002; x_wconf 83' lang='lat' dir='ltr'><strong>diss</strong></span> <span class='ocrx_word' id='word_1_31' title='bbox 354 943 411 1003; x_wconf 85' lang='lat' dir='ltr'><strong>aut</strong></span> <span class='ocrx_word' id='word_1_32' title='bbox 434 960 496 1002; x_wconf 85' lang='lat' dir='ltr'><strong>nox</strong></span> <span class='ocrx_word' id='word_1_33' title='bbox 518 942 670 1015; x_wconf 77' lang='lat' dir='ltr'><strong>transeut,</strong></span> <span class='ocrx_word' id='word_1_34' title='bbox 695 959 757 1023; x_wconf 91' lang='lat' dir='ltr'><strong>que</strong></span> <span class='ocrx_word' id='word_1_35' title='bbox 780 959 842 1001; x_wconf 90' lang='lat' dir='ltr'><strong>non</strong></span> <span class='ocrx_word' id='word_1_36' title='bbox 867 937 928 1001; x_wconf 94' lang='lat' dir='ltr'><strong>tibi</strong></span> <span class='ocrx_word' id='word_1_37' title='bbox 962 937 1147 1001; x_wconf 84' lang='lat' dir='ltr'><strong>memoriam</strong></span> <span class='ocrx_word' id='word_1_38' title='bbox 1170 936 1309 1018; x_wconf 84' lang='lat' dir='ltr'><strong>supremi</strong></span> <span class='ocrx_word' id='word_1_39' title='bbox 1335 941 1416 1000; x_wconf 86' lang='lat' dir='ltr'><strong>tem·</strong></span> <span class='ocrx_word' id='word_1_40' title='bbox 1528 971 1529 982; x_wconf 30' lang='grc' dir='ltr'><strong>κ</strong></span> 
     </span>
    </p>
   </div>
   <div class='ocr_carea' id='block_1_4' title="bbox 267 1041 1529 1128">
    <p class='ocr_par' dir='ltr' id='par_1_4' title="bbox 267 1041 1529 1128">
     <span class='ocr_line' id='line_1_6' title="bbox 267 1041 1529 1128; baseline 0 -22"><span class='ocrx_word' id='word_1_41' title='bbox 267 1042 352 1125; x_wconf 89' lang='lat' dir='ltr'><strong>poris</strong></span> <span class='ocrx_word' id='word_1_42' title='bbox 375 1043 511 1128; x_wconf 80' lang='lat' dir='ltr'><strong>ingeret.</strong></span> <span class='ocrx_word' id='word_1_43' title='bbox 565 1042 719 1127; x_wconf 75' lang='lat' dir='ltr'><strong>Quicquid</strong></span> <span class='ocrx_word' id='word_1_44' title='bbox 754 1042 802 1106; x_wconf 89' lang='lat' dir='ltr'><strong>vel</strong></span> <span class='ocrx_word' id='word_1_45' title='bbox 827 1042 928 1107; x_wconf 88' lang='lat' dir='ltr'><strong>oculis</strong></span> <span class='ocrx_word' id='word_1_46' title='bbox 959 1042 1008 1106; x_wconf 89' lang='lat' dir='ltr'><strong>vel</strong></span> <span class='ocrx_word' id='word_1_47' title='bbox 1040 1043 1146 1107; x_wconf 80' lang='lat' dir='ltr'><strong>animo</strong></span> <span class='ocrx_word' id='word_1_48' title='bbox 1169 1041 1342 1126; x_wconf 78' lang='lat' dir='ltr'><strong>cogitantis</strong></span> <span class='ocrx_word' id='word_1_49' title='bbox 1365 1061 1416 1106; x_wconf 88' lang='lat' dir='ltr'><strong>oc·</strong></span> <span class='ocrx_word' id='word_1_50' title='bbox 1528 1051 1529 1066; x_wconf 65' lang='lat'>¹</span> 
     </span>
    </p>
   </div>
   <div class='ocr_carea' id='block_1_5' title="bbox 265 1146 1417 2068">
    <p class='ocr_par' dir='ltr' id='par_1_5' title="bbox 265 1146 1417 2068">
     <span class='ocr_line' id='line_1_7' title="bbox 266 1146 1416 1226; baseline 0 -16"><span class='ocrx_word' id='word_1_51' title='bbox 266 1148 412 1226; x_wconf 88' lang='lat' dir='ltr'><strong>currerit,</strong></span> <span class='ocrx_word' id='word_1_52' title='bbox 436 1148 474 1212; x_wconf 87' lang='lat' dir='ltr'><strong>ad</strong></span> <span class='ocrx_word' id='word_1_53' title='bbox 492 1146 551 1212; x_wconf 91' lang='lat' dir='ltr'><strong>hoc</strong></span> <span class='ocrx_word' id='word_1_54' title='bbox 567 1169 667 1213; x_wconf 89' lang='lat' dir='ltr'><strong>unum</strong></span> <span class='ocrx_word' id='word_1_55' title='bbox 689 1147 794 1212; x_wconf 88' lang='lat' dir='ltr'><strong>refer:</strong></span> <span class='ocrx_word' id='word_1_56' title='bbox 818 1147 929 1225; x_wconf 90' lang='lat' dir='ltr'><strong>celum,</strong></span> <span class='ocrx_word' id='word_1_57' title='bbox 954 1152 1040 1211; x_wconf 80' lang='lat' dir='ltr'><strong>terre</strong></span> <span class='ocrx_word' id='word_1_58' title='bbox 1062 1151 1096 1211; x_wconf 87' lang='lat' dir='ltr'><strong>et</strong></span> <span class='ocrx_word' id='word_1_59' title='bbox 1118 1147 1218 1212; x_wconf 80' lang='lat' dir='ltr'><strong>morie</strong></span> <span class='ocrx_word' id='word_1_60' title='bbox 1241 1150 1416 1223; x_wconf 85' lang='lat' dir='ltr'><strong>mutantur,</strong></span> 
     </span>
     <span class='ocr_line' id='line_1_8' title="bbox 267 1250 1416 1336; baseline 0 -21"><span class='ocrx_word' id='word_1_61' title='bbox 267 1252 342 1336; x_wconf 89' lang='lat' dir='ltr'><strong>quid</strong></span> <span class='ocrx_word' id='word_1_62' title='bbox 365 1251 607 1336; x_wconf 82' lang='lat' dir='ltr'><strong>fragilissimum</strong></span> <span class='ocrx_word' id='word_1_63' title='bbox 632 1253 752 1317; x_wconf 86' lang='lat' dir='ltr'><strong>animal</strong></span> <span class='ocrx_word' id='word_1_64' title='bbox 771 1275 885 1336; x_wconf 82' lang='lat' dir='ltr'><strong>perere</strong></span> <span class='ocrx_word' id='word_1_65' title='bbox 900 1256 1030 1335; x_wconf 81' lang='lat' dir='ltr'><strong>potest?</strong></span> <span class='ocrx_word' id='word_1_66' title='bbox 1062 1251 1142 1317; x_wconf 79' lang='lat' dir='ltr'><strong>Ceos</strong></span> <span class='ocrx_word' id='word_1_67' title='bbox 1159 1250 1323 1315; x_wconf 89' lang='lat' dir='ltr'><strong>hominum</strong></span> <span class='ocrx_word' id='word_1_68' title='bbox 1342 1251 1416 1330; x_wconf 82' lang='lat' dir='ltr'><strong>vito,</strong></span> 
     </span>
     <span class='ocr_line' id='line_1_9' title="bbox 266 1356 1413 1443; baseline -0.001 -23"><span class='ocrx_word' id='word_1_69' title='bbox 266 1357 501 1441; x_wconf 83' lang='lat' dir='ltr'><strong>quantumlibet</strong></span> <span class='ocrx_word' id='word_1_70' title='bbox 523 1359 729 1443; x_wconf 82' lang='lat' dir='ltr'><strong>expendatur,</strong></span> <span class='ocrx_word' id='word_1_71' title='bbox 754 1359 815 1423; x_wconf 92' lang='lat' dir='ltr'><strong>diei</strong></span> <span class='ocrx_word' id='word_1_72' title='bbox 841 1360 935 1423; x_wconf 92' lang='lat' dir='ltr'><strong>unius</strong></span> <span class='ocrx_word' id='word_1_73' title='bbox 959 1359 1061 1423; x_wconf 86' lang='lat' dir='ltr'><strong>instcr</strong></span> <span class='ocrx_word' id='word_1_74' title='bbox 1085 1358 1182 1422; x_wconf 89' lang='lat' dir='ltr'><strong>habet</strong></span> <span class='ocrx_word' id='word_1_75' title='bbox 1204 1356 1258 1422; x_wconf 84' lang='lat' dir='ltr'><strong>vix</strong></span> <span class='ocrx_word' id='word_1_76' title='bbox 1281 1356 1413 1440; x_wconf 76' lang='lat' dir='ltr'><strong>integri,</strong></span> 
     </span>
     <span class='ocr_line' id='line_1_10' title="bbox 266 1460 1416 1549; baseline 0.001 -23"><span class='ocrx_word' id='word_1_77' title='bbox 266 1467 391 1527; x_wconf 86' lang='lat' dir='ltr'><strong>etcum</strong></span> <span class='ocrx_word' id='word_1_78' title='bbox 415 1463 482 1543; x_wconf 87' lang='lat' dir='ltr'><strong>hec,</strong></span> <span class='ocrx_word' id='word_1_79' title='bbox 505 1469 542 1529; x_wconf 91' lang='lat' dir='ltr'><strong>ut</strong></span> <span class='ocrx_word' id='word_1_80' title='bbox 564 1465 704 1549; x_wconf 83' lang='lat' dir='ltr'><strong>promisi,</strong></span> <span class='ocrx_word' id='word_1_81' title='bbox 729 1465 760 1528; x_wconf 91' lang='lat' dir='ltr'><strong>in</strong></span> <span class='ocrx_word' id='word_1_82' title='bbox 786 1469 926 1529; x_wconf 88' lang='lat' dir='ltr'><strong>mentem</strong></span> <span class='ocrx_word' id='word_1_83' title='bbox 953 1463 1179 1540; x_wconf 83' lang='lat' dir='ltr'><strong>descenderint,</strong></span> <span class='ocrx_word' id='word_1_84' title='bbox 1204 1460 1342 1526; x_wconf 87' lang='lat' dir='ltr'><strong>humiles</strong></span> <span class='ocrx_word' id='word_1_85' title='bbox 1359 1461 1416 1527; x_wconf 87' lang='lat' dir='ltr'><strong>deo</strong></span> 
     </span>
     <span class='ocr_line' id='line_1_11' title="bbox 266 1565 1416 1654; baseline -0.002 -23"><span class='ocrx_word' id='word_1_86' title='bbox 266 1570 387 1652; x_wconf 83' lang='lat' dir='ltr'><strong>gracias</strong></span> <span class='ocrx_word' id='word_1_87' title='bbox 411 1590 481 1654; x_wconf 79' lang='lat' dir='ltr'><strong>ege,</strong></span> <span class='ocrx_word' id='word_1_88' title='bbox 505 1570 559 1654; x_wconf 91' lang='lat' dir='ltr'><strong>qui</strong></span> <span class='ocrx_word' id='word_1_89' title='bbox 582 1573 647 1634; x_wconf 87' lang='lat' dir='ltr'><strong>tom</strong></span> <span class='ocrx_word' id='word_1_90' title='bbox 665 1576 697 1634; x_wconf 88' lang='lat' dir='ltr'><strong>te</strong></span> <span class='ocrx_word' id='word_1_91' title='bbox 713 1569 905 1634; x_wconf 81' lang='lat' dir='ltr'><strong>salutaribus</strong></span> <span class='ocrx_word' id='word_1_92' title='bbox 920 1569 1051 1635; x_wconf 86' lang='lat' dir='ltr'><strong>habenis</strong></span> <span class='ocrx_word' id='word_1_93' title='bbox 1074 1568 1198 1632; x_wconf 74' lang='lat' dir='ltr'><strong>frenare</strong></span> <span class='ocrx_word' id='word_1_94' title='bbox 1213 1565 1416 1650; x_wconf 89' lang='lat' dir='ltr'><strong>stimulisque</strong></span> 
     </span>
     <span class='ocr_line' id='line_1_12' title="bbox 267 1670 1417 1759; baseline -0.003 -22"><span class='ocrx_word' id='word_1_95' title='bbox 267 1677 333 1738; x_wconf 75' lang='lat' dir='ltr'><strong>toni</strong></span> <span class='ocrx_word' id='word_1_96' title='bbox 349 1676 568 1759; x_wconf 79' lang='lat' dir='ltr'><strong>pungentibus</strong></span> <span class='ocrx_word' id='word_1_97' title='bbox 585 1675 759 1740; x_wconf 82' lang='lat' dir='ltr'><strong>sollicitere</strong></span> <span class='ocrx_word' id='word_1_98' title='bbox 776 1676 935 1759; x_wconf 80' lang='lat' dir='ltr'><strong>dignetur.</strong></span> <span class='ocrx_word' id='word_1_99' title='bbox 961 1672 1023 1738; x_wconf 86' lang='lat' dir='ltr'><strong>Vix</strong></span> <span class='ocrx_word' id='word_1_100' title='bbox 1038 1674 1122 1737; x_wconf 90' lang='lat' dir='ltr'><strong>enim</strong></span> <span class='ocrx_word' id='word_1_101' title='bbox 1138 1670 1289 1756; x_wconf 90' lang='lat' dir='ltr'><strong>possibile</strong></span> <span class='ocrx_word' id='word_1_102' title='bbox 1307 1670 1417 1749; x_wconf 88' lang='lat' dir='ltr'><strong>fuerit,</strong></span> 
     </span>
     <span class='ocr_line' id='line_1_13' title="bbox 266 1776 1416 1864; baseline -0.002 -23"><span class='ocrx_word' id='word_1_103' title='bbox 266 1782 303 1842; x_wconf 92' lang='lat' dir='ltr'><strong>ut</strong></span> <span class='ocrx_word' id='word_1_104' title='bbox 325 1800 420 1863; x_wconf 86' lang='lat' dir='ltr'><strong>quern</strong></span> <span class='ocrx_word' id='word_1_105' title='bbox 454 1780 610 1864; x_wconf 77' lang='lat' dir='ltr'><strong>cogitacio</strong></span> <span class='ocrx_word' id='word_1_106' title='bbox 644 1781 755 1846; x_wconf 85' lang='lat' dir='ltr'><strong>mortis</strong></span> <span class='ocrx_word' id='word_1_107' title='bbox 779 1781 874 1844; x_wconf 80' lang='lat' dir='ltr'><strong>babet</strong></span> <span class='ocrx_word' id='word_1_108' title='bbox 897 1784 962 1845; x_wconf 83' lang='lat' dir='ltr'><strong>tem</strong></span> <span class='ocrx_word' id='word_1_109' title='bbox 986 1779 1175 1854; x_wconf 85' lang='lat' dir='ltr'><strong>cottidiano,</strong></span> <span class='ocrx_word' id='word_1_110' title='bbox 1208 1781 1273 1841; x_wconf 84' lang='lat' dir='ltr'><strong>tem</strong></span> <span class='ocrx_word' id='word_1_111' title='bbox 1310 1776 1416 1841; x_wconf 86' lang='lat' dir='ltr'><strong>brevis</strong></span> 
     </span>
     <span class='ocr_line' id='line_1_14' title="bbox 268 1880 1416 1969; baseline -0.003 -23"><span class='ocrx_word' id='word_1_112' title='bbox 268 1883 352 1947; x_wconf 89' lang='lat' dir='ltr'><strong>bunc</strong></span> <span class='ocrx_word' id='word_1_113' title='bbox 375 1906 460 1949; x_wconf 91' lang='lat' dir='ltr'><strong>mors</strong></span> <span class='ocrx_word' id='word_1_114' title='bbox 484 1889 594 1950; x_wconf 84' lang='lat' dir='ltr'><strong>eterna</strong></span> <span class='ocrx_word' id='word_1_115' title='bbox 616 1885 778 1969; x_wconf 82' lang='lat' dir='ltr'><strong>contingit</strong></span> <span class='ocrx_word' id='word_1_116' title='bbox 792 1884 813 1950; x_wconf 85' lang='lat'><strong>¹.</strong></span> <span class='ocrx_word' id='word_1_117' title='bbox 854 1883 948 1950; x_wconf 86' lang='lat' dir='ltr'><strong>Nunc</strong></span> <span class='ocrx_word' id='word_1_118' title='bbox 964 1906 1048 1964; x_wconf 80' lang='lat' dir='ltr'><strong>vero,</strong></span> <span class='ocrx_word' id='word_1_119' title='bbox 1073 1883 1221 1968; x_wconf 82' lang='lat' dir='ltr'><strong>quoniam</strong></span> <span class='ocrx_word' id='word_1_120' title='bbox 1246 1880 1336 1945; x_wconf 87' lang='lat' dir='ltr'><strong>sedes</strong></span> <span class='ocrx_word' id='word_1_121' title='bbox 1360 1903 1416 1944; x_wconf 91' lang='lat' dir='ltr'><strong>no-</strong></span> 
     </span>
     <span class='ocr_line' id='line_1_15' title="bbox 265 1985 1412 2068; baseline -0.002 -16"><span class='ocrx_word' id='word_1_122' title='bbox 265 1993 331 2053; x_wconf 86' lang='lat' dir='ltr'><strong>stra</strong></span> <span class='ocrx_word' id='word_1_123' title='bbox 355 1989 455 2053; x_wconf 89' lang='lat' dir='ltr'><strong>celum</strong></span> <span class='ocrx_word' id='word_1_124' title='bbox 480 1995 536 2068; x_wconf 89' lang='lat' dir='ltr'><strong>est,</strong></span> <span class='ocrx_word' id='word_1_125' title='bbox 561 1991 658 2056; x_wconf 89' lang='lat' dir='ltr'><strong>michi</strong></span> <span class='ocrx_word' id='word_1_126' title='bbox 682 1995 787 2055; x_wconf 88' lang='lat' dir='ltr'><strong>nutem</strong></span> <span class='ocrx_word' id='word_1_127' title='bbox 812 1991 950 2055; x_wconf 90' lang='lat' dir='ltr'><strong>nondum</strong></span> <span class='ocrx_word' id='word_1_128' title='bbox 966 1995 1093 2055; x_wconf 83' lang='lat' dir='ltr'><strong>terreno</strong></span> <span class='ocrx_word' id='word_1_129' title='bbox 1111 1987 1224 2052; x_wconf 88' lang='lat' dir='ltr'><strong>finitur</strong></span> <span class='ocrx_word' id='word_1_130' title='bbox 1240 1985 1412 2063; x_wconf 83' lang='lat' dir='ltr'><strong>babitoci0,</strong></span> 
     </span>
    </p>
   </div>
   <div class='ocr_carea' id='block_1_6' title="bbox 266 2092 1413 2179">
    <p class='ocr_par' dir='ltr' id='par_1_6' title="bbox 266 2087 1530 2179">
     <span class='ocr_line' id='line_1_16' title="bbox 266 2092 1413 2179; baseline -0.003 -21"><span class='ocrx_word' id='word_1_131' title='bbox 266 2116 327 2177; x_wconf 91' lang='lat' dir='ltr'><strong>que</strong></span> <span class='ocrx_word' id='word_1_132' title='bbox 350 2116 499 2179; x_wconf 88' lang='lat' dir='ltr'><strong>quorsum</strong></span> <span class='ocrx_word' id='word_1_133' title='bbox 524 2097 678 2162; x_wconf 79' lang='lat' dir='ltr'><strong>duraturo</strong></span> <span class='ocrx_word' id='word_1_134' title='bbox 701 2097 753 2176; x_wconf 88' lang='lat' dir='ltr'><strong>sit,</strong></span> <span class='ocrx_word' id='word_1_135' title='bbox 777 2096 882 2161; x_wconf 89' lang='lat' dir='ltr'><strong>nescio</strong></span> <span class='ocrx_word' id='word_1_136' title='bbox 905 2100 937 2161; x_wconf 90' lang='lat' dir='ltr'><strong>et</strong></span> <span class='ocrx_word' id='word_1_137' title='bbox 953 2095 985 2160; x_wconf 90' lang='lat' dir='ltr'><strong>in</strong></span> <span class='ocrx_word' id='word_1_138' title='bbox 1009 2095 1069 2160; x_wconf 91' lang='lat' dir='ltr'><strong>hoc</strong></span> <span class='ocrx_word' id='word_1_139' title='bbox 1084 2093 1207 2178; x_wconf 86' lang='lat' dir='ltr'><strong>pendeo</strong></span> <span class='ocrx_word' id='word_1_140' title='bbox 1230 2092 1352 2170; x_wconf 82' lang='lat' dir='ltr'><strong>anxius,</strong></span> <span class='ocrx_word' id='word_1_141' title='bbox 1377 2095 1413 2154; x_wconf 92' lang='lat' dir='ltr'><strong>nt</strong></span> 
     </span>
    </p>
   </div>
   <div class='ocr_carea' id='block_1_7' title="bbox 265 2197 1416 3233">
    <p class='ocr_par' dir='ltr' id='par_1_7' title="bbox 265 2197 1416 3233">
     <span class='ocr_line' id='line_1_17' title="bbox 266 2197 1414 2286; baseline -0.002 -24"><span class='ocrx_word' id='word_1_142' title='bbox 266 2199 360 2277; x_wconf 84' lang='lat' dir='ltr'><strong>rides,</strong></span> <span class='ocrx_word' id='word_1_143' title='bbox 384 2201 524 2277; x_wconf 88' lang='lat' dir='ltr'><strong>obsecro,</strong></span> <span class='ocrx_word' id='word_1_144' title='bbox 548 2224 587 2266; x_wconf 94' lang='lat' dir='ltr'><strong>ne</strong></span> <span class='ocrx_word' id='word_1_145' title='bbox 608 2225 660 2267; x_wconf 85' lang='lat' dir='ltr'><strong>mc</strong></span> <span class='ocrx_word' id='word_1_146' title='bbox 678 2203 753 2267; x_wconf 89' lang='lat' dir='ltr'><strong>licet</strong></span> <span class='ocrx_word' id='word_1_147' title='bbox 776 2203 902 2286; x_wconf 77' lang='lat' dir='ltr'><strong>magnis</strong></span> <span class='ocrx_word' id='word_1_148' title='bbox 925 2202 1158 2285; x_wconf 80' lang='lat' dir='ltr'><strong>distentemque</strong></span> <span class='ocrx_word' id='word_1_149' title='bbox 1180 2197 1337 2262; x_wconf 84' lang='lat' dir='ltr'><strong>tractibus</strong></span> <span class='ocrx_word' id='word_1_150' title='bbox 1361 2197 1414 2261; x_wconf 92' lang='lat' dir='ltr'><strong>de·</strong></span> 
     </span>
     <span class='ocr_line' id='line_1_18' title="bbox 265 2303 1413 2393; baseline -0.002 -25"><span class='ocrx_word' id='word_1_151' title='bbox 265 2326 360 2384; x_wconf 83' lang='lat' dir='ltr'><strong>serus,</strong></span> <span class='ocrx_word' id='word_1_152' title='bbox 384 2306 436 2370; x_wconf 89' lang='lat' dir='ltr'><strong>sed</strong></span> <span class='ocrx_word' id='word_1_153' title='bbox 460 2309 661 2373; x_wconf 84' lang='lat' dir='ltr'><strong>oracionibus</strong></span> <span class='ocrx_word' id='word_1_154' title='bbox 683 2309 747 2373; x_wconf 92' lang='lat' dir='ltr'><strong>tuis</strong></span> <span class='ocrx_word' id='word_1_155' title='bbox 771 2308 892 2373; x_wconf 85' lang='lat' dir='ltr'><strong>devotis</strong></span> <span class='ocrx_word' id='word_1_156' title='bbox 915 2329 992 2393; x_wconf 78' lang='lat' dir='ltr'><strong>erge</strong></span> <span class='ocrx_word' id='word_1_157' title='bbox 1014 2307 1107 2371; x_wconf 90' lang='lat' dir='ltr'><strong>deum</strong></span> <span class='ocrx_word' id='word_1_158' title='bbox 1124 2303 1413 2370; x_wconf 84' lang='lat' dir='ltr'><strong>recommendatum</strong></span> 
     </span>
     <span class='ocr_line' id='line_1_19' title="bbox 266 2409 1416 2497; baseline -0.002 -24"><span class='ocrx_word' id='word_1_159' title='bbox 266 2409 381 2475; x_wconf 81' lang='lat' dir='ltr'><strong>habeas</strong></span> <span class='ocrx_word' id='word_1_160' title='bbox 405 2412 520 2477; x_wconf 85' lang='lat' dir='ltr'><strong>obnixe</strong></span> <span class='ocrx_word' id='word_1_161' title='bbox 543 2434 635 2497; x_wconf 80' lang='lat' dir='ltr'><strong>rogo,</strong></span> <span class='ocrx_word' id='word_1_162' title='bbox 660 2415 728 2478; x_wconf 89' lang='lat' dir='ltr'><strong>sine</strong></span> <span class='ocrx_word' id='word_1_163' title='bbox 751 2413 839 2480; x_wconf 92' lang='lat' dir='ltr'><strong>cuius</strong></span> <span class='ocrx_word' id='word_1_164' title='bbox 862 2413 971 2497; x_wconf 76' lang='lat' dir='ltr'><strong>gracia</strong></span> <span class='ocrx_word' id='word_1_165' title='bbox 994 2412 1061 2476; x_wconf 81' lang='lat' dir='ltr'><strong>vita</strong></span> <span class='ocrx_word' id='word_1_166' title='bbox 1091 2433 1159 2474; x_wconf 85' lang='lat' dir='ltr'><strong>mea</strong></span> <span class='ocrx_word' id='word_1_167' title='bbox 1187 2409 1335 2473; x_wconf 78' lang='lat' dir='ltr'><strong>inemeno</strong></span> <span class='ocrx_word' id='word_1_168' title='bbox 1359 2412 1416 2486; x_wconf 87' lang='lat' dir='ltr'><strong>cst,</strong></span> 
     </span>
     <span class='ocr_line' id='line_1_20' title="bbox 266 2514 1413 2603; baseline -0.001 -25"><span class='ocrx_word' id='word_1_169' title='bbox 266 2514 334 2579; x_wconf 91' lang='lat' dir='ltr'><strong>sine</strong></span> <span class='ocrx_word' id='word_1_170' title='bbox 356 2514 416 2580; x_wconf 87' lang='lat' dir='ltr'><strong>bac</strong></span> <span class='ocrx_word' id='word_1_171' title='bbox 439 2519 539 2583; x_wconf 89' lang='lat' dir='ltr'><strong>eciam</strong></span> <span class='ocrx_word' id='word_1_172' title='bbox 561 2519 651 2583; x_wconf 85' lang='lat' dir='ltr'><strong>nulla</strong></span> <span class='ocrx_word' id='word_1_173' title='bbox 673 2518 766 2586; x_wconf 89' lang='lat' dir='ltr'><strong>foret.</strong></span> <span class='ocrx_word' id='word_1_174' title='bbox 824 2517 856 2583; x_wconf 80' lang='lat' dir='ltr'><strong>si</strong></span> <span class='ocrx_word' id='word_1_175' title='bbox 882 2517 957 2603; x_wconf 92' lang='lat' dir='ltr'><strong>quid</strong></span> <span class='ocrx_word' id='word_1_176' title='bbox 989 2537 1065 2601; x_wconf 80' lang='lat' dir='ltr'><strong>ergo</strong></span> <span class='ocrx_word' id='word_1_177' title='bbox 1090 2538 1127 2580; x_wconf 88' lang='lat' dir='ltr'><strong>ex</strong></span> <span class='ocrx_word' id='word_1_178' title='bbox 1151 2537 1200 2580; x_wconf 91' lang='lat' dir='ltr'><strong>me</strong></span> <span class='ocrx_word' id='word_1_179' title='bbox 1224 2518 1355 2600; x_wconf 81' lang='lat' dir='ltr'><strong>gratum</strong></span> <span class='ocrx_word' id='word_1_180' title='bbox 1379 2535 1413 2578; x_wconf 84' lang='lat' dir='ltr'><strong>ex</strong></span> 
     </span>
     <span class='ocr_line' id='line_1_21' title="bbox 265 2619 1412 2709; baseline 0 -26"><span class='ocrx_word' id='word_1_181' title='bbox 265 2619 315 2683; x_wconf 91' lang='lat' dir='ltr'><strong>his</strong></span> <span class='ocrx_word' id='word_1_182' title='bbox 338 2621 383 2687; x_wconf 93' lang='lat' dir='ltr'><strong>sic</strong></span> <span class='ocrx_word' id='word_1_183' title='bbox 407 2623 546 2689; x_wconf 86' lang='lat' dir='ltr'><strong>breviter</strong></span> <span class='ocrx_word' id='word_1_184' title='bbox 568 2625 706 2690; x_wconf 85' lang='lat' dir='ltr'><strong>exeratis</strong></span> <span class='ocrx_word' id='word_1_185' title='bbox 728 2624 888 2709; x_wconf 82' lang='lat' dir='ltr'><strong>accepisti,</strong></span> <span class='ocrx_word' id='word_1_186' title='bbox 911 2645 951 2687; x_wconf 92' lang='lat' dir='ltr'><strong>ne</strong></span> <span class='ocrx_word' id='word_1_187' title='bbox 974 2622 1091 2687; x_wconf 88' lang='lat' dir='ltr'><strong>desidie</strong></span> <span class='ocrx_word' id='word_1_188' title='bbox 1104 2641 1244 2686; x_wconf 80' lang='lat' dir='ltr'><strong>marcere</strong></span> <span class='ocrx_word' id='word_1_189' title='bbox 1268 2619 1412 2704; x_wconf 80' lang='lat' dir='ltr'><strong>paciaris,</strong></span> 
     </span>
     <span class='ocr_line' id='line_1_22' title="bbox 265 2725 1415 2815; baseline 0 -27"><span class='ocrx_word' id='word_1_190' title='bbox 265 2725 291 2788; x_wconf 89' lang='lat' dir='ltr'><strong>si</strong></span> <span class='ocrx_word' id='word_1_191' title='bbox 315 2727 391 2810; x_wconf 90' lang='lat' dir='ltr'><strong>quid</strong></span> <span class='ocrx_word' id='word_1_192' title='bbox 415 2733 520 2793; x_wconf 82' lang='lat' dir='ltr'><strong>cutem</strong></span> <span class='ocrx_word' id='word_1_193' title='bbox 543 2732 698 2815; x_wconf 86' lang='lat' dir='ltr'><strong>asperius,</strong></span> <span class='ocrx_word' id='word_1_194' title='bbox 722 2753 762 2795; x_wconf 91' lang='lat' dir='ltr'><strong>ne</strong></span> <span class='ocrx_word' id='word_1_195' title='bbox 784 2730 917 2795; x_wconf 84' lang='lat' dir='ltr'><strong>moleste</strong></span> <span class='ocrx_word' id='word_1_196' title='bbox 948 2728 1033 2794; x_wconf 86' lang='lat' dir='ltr'><strong>feras</strong></span> <span class='ocrx_word' id='word_1_197' title='bbox 1053 2749 1118 2793; x_wconf 91' lang='lat' dir='ltr'><strong>oro.</strong></span> <span class='ocrx_word' id='word_1_198' title='bbox 1173 2725 1256 2790; x_wconf 85' lang='lat' dir='ltr'><strong>Vale</strong></span> <span class='ocrx_word' id='word_1_199' title='bbox 1278 2725 1415 2790; x_wconf 83' lang='lat' dir='ltr'><strong>feliciter</strong></span> 
     </span>
     <span class='ocr_line' id='line_1_23' title="bbox 266 2829 1412 2920; baseline 0.001 -26"><span class='ocrx_word' id='word_1_200' title='bbox 266 2834 297 2894; x_wconf 91' lang='lat' dir='ltr'><strong>et</strong></span> <span class='ocrx_word' id='word_1_201' title='bbox 314 2829 459 2898; x_wconf 80' lang='lat' dir='ltr'><strong>Christus</strong></span> <span class='ocrx_word' id='word_1_202' title='bbox 482 2839 514 2899; x_wconf 93' lang='lat' dir='ltr'><strong>te</strong></span> <span class='ocrx_word' id='word_1_203' title='bbox 529 2835 730 2916; x_wconf 87' lang='lat' dir='ltr'><strong>incolumem,</strong></span> <span class='ocrx_word' id='word_1_204' title='bbox 754 2835 857 2920; x_wconf 82' lang='lat' dir='ltr'><strong>legem</strong></span> <span class='ocrx_word' id='word_1_205' title='bbox 874 2835 987 2919; x_wconf 91' lang='lat' dir='ltr'><strong>deique</strong></span> <span class='ocrx_word' id='word_1_206' title='bbox 1007 2834 1177 2898; x_wconf 85' lang='lat' dir='ltr'><strong>veritatem</strong></span> <span class='ocrx_word' id='word_1_207' title='bbox 1194 2837 1358 2897; x_wconf 85' lang='lat' dir='ltr'><strong>amentem</strong></span> <span class='ocrx_word' id='word_1_208' title='bbox 1380 2833 1412 2896; x_wconf 94' lang='lat' dir='ltr'><strong>in</strong></span> 
     </span>
     <span class='ocr_line' id='line_1_24' title="bbox 265 2937 1414 3023; baseline 0.003 -24"><span class='ocrx_word' id='word_1_209' title='bbox 265 2937 438 3002; x_wconf 82' lang='lat' dir='ltr'><strong>multarum</strong></span> <span class='ocrx_word' id='word_1_210' title='bbox 463 2941 642 3006; x_wconf 78' lang='lat' dir='ltr'><strong>animorum</strong></span> <span class='ocrx_word' id='word_1_211' title='bbox 665 2941 800 3013; x_wconf 87' lang='lat' dir='ltr'><strong>salutern</strong></span> <span class='ocrx_word' id='word_1_212' title='bbox 825 2940 983 3006; x_wconf 84' lang='lat' dir='ltr'><strong>custodiet</strong></span> <span class='ocrx_word' id='word_1_213' title='bbox 999 2944 1031 3004; x_wconf 89' lang='lat' dir='ltr'><strong>et</strong></span> <span class='ocrx_word' id='word_1_214' title='bbox 1053 2943 1127 3023; x_wconf 93' lang='lat' dir='ltr'><strong>post</strong></span> <span class='ocrx_word' id='word_1_215' title='bbox 1142 2938 1207 3003; x_wconf 87' lang='lat' dir='ltr'><strong>vite</strong></span> <span class='ocrx_word' id='word_1_216' title='bbox 1230 2958 1360 3002; x_wconf 86' lang='lat' dir='ltr'><strong>cursum</strong></span> <span class='ocrx_word' id='word_1_217' title='bbox 1376 2937 1414 3002; x_wconf 83' lang='lat' dir='ltr'><strong>od</strong></span> 
     </span>
     <span class='ocr_line' id='line_1_25' title="bbox 265 3043 1415 3129; baseline 0.003 -26"><span class='ocrx_word' id='word_1_218' title='bbox 265 3062 372 3106; x_wconf 79' lang='lat' dir='ltr'><strong>verum</strong></span> <span class='ocrx_word' id='word_1_219' title='bbox 388 3047 592 3129; x_wconf 83' lang='lat' dir='ltr'><strong>eternumque</strong></span> <span class='ocrx_word' id='word_1_220' title='bbox 609 3045 835 3110; x_wconf 79' lang='lat' dir='ltr'><strong>beatitudinem</strong></span> <span class='ocrx_word' id='word_1_221' title='bbox 853 3045 1018 3127; x_wconf 86' lang='lat' dir='ltr'><strong>pervenire</strong></span> <span class='ocrx_word' id='word_1_222' title='bbox 1034 3044 1194 3123; x_wconf 84' lang='lat' dir='ltr'><strong>concedat,</strong></span> <span class='ocrx_word' id='word_1_223' title='bbox 1217 3043 1301 3127; x_wconf 90' lang='lat' dir='ltr'><strong>quod</strong></span> <span class='ocrx_word' id='word_1_224' title='bbox 1325 3043 1415 3107; x_wconf 89' lang='lat' dir='ltr'><strong>nobis</strong></span> 
     </span>
     <span class='ocr_line' id='line_1_26' title="bbox 266 3149 1234 3233; baseline 0.006 -26"><span class='ocrx_word' id='word_1_225' title='bbox 266 3150 409 3228; x_wconf 86' lang='lat' dir='ltr'><strong>prestare</strong></span> <span class='ocrx_word' id='word_1_226' title='bbox 424 3149 575 3233; x_wconf 82' lang='lat' dir='ltr'><strong>dignetur</strong></span> <span class='ocrx_word' id='word_1_227' title='bbox 597 3151 674 3216; x_wconf 89' lang='lat' dir='ltr'><strong>dens</strong></span> <span class='ocrx_word' id='word_1_228' title='bbox 697 3152 730 3214; x_wconf 95' lang='lat' dir='ltr'><strong>in</strong></span> <span class='ocrx_word' id='word_1_229' title='bbox 754 3150 861 3215; x_wconf 84' lang='lat' dir='ltr'><strong>secula</strong></span> <span class='ocrx_word' id='word_1_230' title='bbox 881 3151 1073 3216; x_wconf 88' lang='lat' dir='ltr'><strong>benedictus.</strong></span> <span class='ocrx_word' id='word_1_231' title='bbox 1122 3150 1234 3215; x_wconf 79' lang='lat' dir='ltr'><strong>Amen.</strong></span> 
     </span>
    </p>
   </div>
   <div class='ocr_carea' id='block_1_8' title="bbox 265 3470 1411 3690">
    <p class='ocr_par' dir='ltr' id='par_1_8' title="bbox 265 3470 1411 3690">
     <span class='ocr_line' id='line_1_27' title="bbox 265 3470 1411 3690; baseline 0.01 -38"><span class='ocrx_word' id='word_1_232' title='bbox 265 3581 459 3656; x_wconf 85' lang='lat' dir='ltr'><strong>Hermann</strong></span> <span class='ocrx_word' id='word_1_233' title='bbox 492 3585 646 3664; x_wconf 85' lang='lat' dir='ltr'><strong>Schcdel</strong></span> <span class='ocrx_word' id='word_1_234' title='bbox 673 3616 721 3664; x_wconf 82' lang='lat' dir='ltr'><strong>cn</strong></span> <span class='ocrx_word' id='word_1_235' title='bbox 742 3470 971 3690; x_wconf 60' lang='lat' dir='ltr'><strong>[Sigisinund</strong></span> <span class='ocrx_word' id='word_1_236' title='bbox 993 3590 1262 3686; x_wconf 81' lang='lat' dir='ltr'><strong>Gessembrot].</strong></span> <span class='ocrx_word' id='word_1_237' title='bbox 1293 3589 1411 3685; x_wconf 81' lang='lat' dir='ltr'><strong>Auge-</strong></span> 
     </span>
    </p>
   </div>
   <div class='ocr_carea' id='block_1_9' title="bbox 628 3714 1048 3810">
    <p class='ocr_par' dir='ltr' id='par_1_9' title="bbox 628 3714 1048 3810">
     <span class='ocr_line' id='line_1_28' title="bbox 628 3714 1048 3810; baseline 0 -24"><span class='ocrx_word' id='word_1_238' title='bbox 628 3714 724 3810; x_wconf 85' lang='lat' dir='ltr'><strong>burg</strong></span> <span class='ocrx_word' id='word_1_239' title='bbox 758 3715 854 3789; x_wconf 79' lang='lat'>1465</span> <span class='ocrx_word' id='word_1_240' title='bbox 894 3738 980 3808; x_wconf 82' lang='lat' dir='ltr'><strong>aug.</strong></span> <span class='ocrx_word' id='word_1_241' title='bbox 1013 3714 1048 3787; x_wconf 85' lang='lat'><strong>3.</strong></span> 
     </span>
    </p>
   </div>
   <div class='ocr_carea' id='block_1_10' title="bbox 264 3867 1413 4059">
    <p class='ocr_par' dir='ltr' id='par_1_10' title="bbox 264 3867 1413 4059">
     <span class='ocr_line' id='line_1_29' title="bbox 621 3867 1058 3937; baseline 0 -15"><span class='ocrx_word' id='word_1_242' title='bbox 621 3869 684 3922; x_wconf 90' lang='lat' dir='ltr'><strong>olm.</strong></span> <span class='ocrx_word' id='word_1_243' title='bbox 703 3869 754 3922; x_wconf 79' lang='lat'><strong>224</strong></span> <span class='ocrx_word' id='word_1_244' title='bbox 773 3869 792 3922; x_wconf 86' lang='lat' dir='ltr'><strong>f.</strong></span> <span class='ocrx_word' id='word_1_245' title='bbox 812 3870 871 3924; x_wconf 78' lang='lat'><strong>297.</strong></span> <span class='ocrx_word' id='word_1_246' title='bbox 908 3867 1058 3937; x_wconf 80' lang='lat' dir='ltr'><strong>Concept².</strong></span> 
     </span>
     <span class='ocr_line' id='line_1_30' title="bbox 264 3983 1413 4059; baseline 0.01 -11"><span class='ocrx_word' id='word_1_247' title='bbox 264 3983 518 4054; x_wconf 77' lang='lat' dir='ltr'><strong>Trostbrief</strong></span> <span class='ocrx_word' id='word_1_248' title='bbox 561 3992 663 4056; x_wconf 89' lang='lat' dir='ltr'><strong>beim</strong></span> <span class='ocrx_word' id='word_1_249' title='bbox 697 3996 795 4059; x_wconf 83' lang='lat' dir='ltr'><strong>todo</strong></span> <span class='ocrx_word' id='word_1_250' title='bbox 837 3996 906 4058; x_wconf 90' lang='lat' dir='ltr'><strong>des</strong></span> <span class='ocrx_word' id='word_1_251' title='bbox 941 3991 1091 4057; x_wconf 89' lang='lat' dir='ltr'><strong>Ulrich</strong></span> <span class='ocrx_word' id='word_1_252' title='bbox 1130 3991 1413 4059; x_wconf 86' lang='lat' dir='ltr'><strong>Gessembrot.</strong></span> 
     </span>
    </p>
   </div>
   <div class='ocr_carea' id='block_1_11' title="bbox 832 4105 849 4143">
    <p class='ocr_par' dir='ltr' id='par_1_11' title="bbox 832 4105 849 4143">
     <span class='ocr_line' id='line_1_31' title="bbox 832 4105 849 4143; baseline 0 0"><span class='ocrx_word' id='word_1_253' title='bbox 832 4105 849 4143; x_wconf 68' lang='lat' dir='ltr'>ss</span> 
     </span>
    </p>
   </div>
   <div class='ocr_carea' id='block_1_12' title="bbox 264 4180 1413 4596">
    <p class='ocr_par' dir='ltr' id='par_1_12' title="bbox 264 4180 1413 4321">
     <span class='ocr_line' id='line_1_32' title="bbox 264 4180 1413 4321; baseline 0 -87"><span class='ocrx_word' id='word_1_254' title='bbox 264 4180 409 4321; x_wconf 57' lang='lat' dir='ltr'><strong>gppcpnitt</strong></span> <span class='ocrx_word' id='word_1_255' title='bbox 427 4200 477 4238; x_wconf 84' lang='lat' dir='ltr'><strong>aus</strong></span> <span class='ocrx_word' id='word_1_256' title='bbox 503 4184 648 4249; x_wconf 82' lang='lat' dir='ltr'><strong>Petrarco‚</strong></span> <span class='ocrx_word' id='word_1_257' title='bbox 677 4187 716 4241; x_wconf 85' lang='lat' dir='ltr'><strong>De</strong></span> <span class='ocrx_word' id='word_1_258' title='bbox 744 4190 849 4242; x_wconf 89' lang='lat' dir='ltr'><strong>secreto</strong></span> <span class='ocrx_word' id='word_1_259' title='bbox 874 4185 1002 4242; x_wconf 82' lang='lat' dir='ltr'><strong>conflictu</strong></span> <span class='ocrx_word' id='word_1_260' title='bbox 1033 4199 1164 4238; x_wconf 74' lang='lat' dir='ltr'><strong>curarum</strong></span> <span class='ocrx_word' id='word_1_261' title='bbox 1192 4199 1307 4238; x_wconf 81' lang='lat' dir='ltr'><strong>suorum</strong></span> <span class='ocrx_word' id='word_1_262' title='bbox 1336 4183 1413 4255; x_wconf 89' lang='lat' dir='ltr'><strong>[Opp.</strong></span> 
     </span>
    </p>

    <p class='ocr_par' dir='ltr' id='par_1_13' title="bbox 264 4267 1412 4596">
     <span class='ocr_line' id='line_1_33' title="bbox 335 4267 1412 4430; baseline 0.004 -22"><span class='ocrx_word' id='word_1_263' title='bbox 335 4267 491 4426; x_wconf 69' lang='lat' dir='ltr'><strong>1]00ncept</strong></span> <span class='ocrx_word' id='word_1_264' title='bbox 510 4358 613 4427; x_wconf 81' lang='lat' dir='ltr'><strong>richtig</strong></span> <span class='ocrx_word' id='word_1_265' title='bbox 631 4359 797 4428; x_wconf 79' lang='lat' dir='ltr'><strong>contingot3</strong></span> <span class='ocrx_word' id='word_1_266' title='bbox 817 4361 874 4430; x_wconf 85' lang='lat' dir='ltr'><strong>vgl.</strong></span> <span class='ocrx_word' id='word_1_267' title='bbox 893 4361 1026 4416; x_wconf 82' lang='lat' dir='ltr'><strong>Petrarca</strong></span> <span class='ocrx_word' id='word_1_268' title='bbox 1045 4360 1062 4413; x_wconf 94' lang='lat' dir='ltr'><strong>l.</strong></span> <span class='ocrx_word' id='word_1_269' title='bbox 1082 4376 1105 4414; x_wconf 87' lang='lat' dir='ltr'><strong>e.</strong></span> <span class='ocrx_word' id='word_1_270' title='bbox 1123 4359 1185 4414; x_wconf 85' lang='lat'><strong>381.</strong></span> <span class='ocrx_word' id='word_1_271' title='bbox 1285 4360 1302 4412; x_wconf 84' lang='lat'>2</span> <span class='ocrx_word' id='word_1_272' title='bbox 1321 4359 1412 4413; x_wconf 76' lang='lat' dir='ltr'><strong>Ecstor</strong></span> 
     </span>
     <span class='ocr_line' id='line_1_34' title="bbox 264 4443 1411 4516; baseline 0.003 -20"><span class='ocrx_word' id='word_1_273' title='bbox 264 4443 388 4497; x_wconf 80' lang='lat' dir='ltr'><strong>entwnrl</strong></span> <span class='ocrx_word' id='word_1_274' title='bbox 402 4443 469 4499; x_wconf 87' lang='lat' dir='ltr'><strong>ibid.</strong></span> <span class='ocrx_word' id='word_1_275' title='bbox 489 4445 507 4497; x_wconf 81' lang='lat' dir='ltr'><strong>f.</strong></span> <span class='ocrx_word' id='word_1_276' title='bbox 527 4446 586 4503; x_wconf 81' lang='lat'>274.</span> <span class='ocrx_word' id='word_1_277' title='bbox 623 4447 801 4504; x_wconf 82' lang='lat' dir='ltr'><strong>Gossembrot</strong></span> <span class='ocrx_word' id='word_1_278' title='bbox 817 4448 855 4502; x_wconf 90' lang='lat' dir='ltr'><strong>ist</strong></span> <span class='ocrx_word' id='word_1_279' title='bbox 875 4449 905 4501; x_wconf 90' lang='lat' dir='ltr'><strong>in</strong></span> <span class='ocrx_word' id='word_1_280' title='bbox 916 4446 1082 4516; x_wconf 81' lang='lat' dir='ltr'><strong>Strossburg</strong></span> <span class='ocrx_word' id='word_1_281' title='bbox 1100 4465 1121 4504; x_wconf 91' lang='lat' dir='ltr'><strong>s.</strong></span> <span class='ocrx_word' id='word_1_282' title='bbox 1132 4465 1164 4502; x_wconf 86' lang='lat' dir='ltr'><strong>w.</strong></span> <span class='ocrx_word' id='word_1_283' title='bbox 1176 4465 1203 4501; x_wconf 94' lang='lat' dir='ltr'><strong>u.</strong></span> <span class='ocrx_word' id='word_1_284' title='bbox 1223 4447 1411 4502; x_wconf 82' lang='lat' dir='ltr'><strong>undWatten·</strong></span> 
     </span>
     <span class='ocr_line' id='line_1_35' title="bbox 264 4530 1089 4596; baseline 0.005 -11"><span class='ocrx_word' id='word_1_285' title='bbox 264 4530 335 4588; x_wconf 74' lang='lat' dir='ltr'><strong>bach</strong></span> <span class='ocrx_word' id='word_1_286' title='bbox 353 4531 370 4587; x_wconf 91' lang='lat' dir='ltr'><strong>i.</strong></span> <span class='ocrx_word' id='word_1_287' title='bbox 390 4531 416 4589; x_wconf 88' lang='lat' dir='ltr'><strong>d.</strong></span> <span class='ocrx_word' id='word_1_288' title='bbox 436 4532 564 4587; x_wconf 85' lang='lat' dir='ltr'><strong>Ztschrlt.</strong></span> <span class='ocrx_word' id='word_1_289' title='bbox 583 4535 602 4590; x_wconf 90' lang='lat' dir='ltr'><strong>f.</strong></span> <span class='ocrx_word' id='word_1_290' title='bbox 621 4535 652 4589; x_wconf 82' lang='lat' dir='ltr'><strong>G.</strong></span> <span class='ocrx_word' id='word_1_291' title='bbox 673 4535 698 4588; x_wconf 90' lang='lat' dir='ltr'><strong>d.</strong></span> <span class='ocrx_word' id='word_1_292' title='bbox 718 4534 884 4591; x_wconf 89' lang='lat' dir='ltr'><strong>Oberrheins</strong></span> <span class='ocrx_word' id='word_1_293' title='bbox 902 4535 989 4596; x_wconf 85' lang='lat' dir='ltr'><strong>XXV,</strong></span> <span class='ocrx_word' id='word_1_294' title='bbox 1010 4537 1042 4591; x_wconf 74' lang='lat'><strong>57</strong></span> <span class='ocrx_word' id='word_1_295' title='bbox 1062 4535 1089 4590; x_wconf 87' lang='lat' dir='ltr'><strong>ff.</strong></span> 
     </span>
    </p>
   </div>
   <div class='ocr_carea' id='block_1_13' title="bbox 0 0 1550 5244">
    <p class='ocr_par' dir='ltr' id='par_1_14' title="bbox 0 0 1550 5244">
     <span class='ocr_line' id='line_1_36' title="bbox 0 0 1550 5244; baseline 0 0"><span class='ocrx_word' id='word_1_296' title='bbox 0 0 1550 5244; x_wconf 95' lang='lat' dir='ltr'><strong> </strong></span> 
     </span>
    </p>
   </div>
  </div>
 </body>
</html>
