3106 5252
680 481 720 545 31

116 654 234 737 quibus
258 675 325 717 earn
349 675 477 736 operam
509 652 690 717 adhibuisse
712 653 852 731 videris,
887 657 923 716 ut
953 654 1053 738 siquis
1083 657 1116 718 te
1139 654 1274 737 deipsis

115 759 324 823 disserentem
348 781 383 824 ac
406 759 549 841 preclare
565 759 781 841 disputantem
810 757 927 837 audiet,
942 756 1038 822 facile
1058 757 1274 824 doctissimum

114 863 270 928 iudicabit
280 912 394 929 ......
411 862 573 940 Quaenam
597 868 645 928 est
668 869 770 942 tanta,
794 868 860 928 tam
883 864 990 940 ardua,
1020 869 1150 948 tamque
1172 863 1273 927 difici-

116 969 193 1032 lima
217 989 329 1046 causa,
364 991 444 1053 quae
468 992 518 1033 me
543 974 639 1054 queat
667 992 686 1033 a
710 975 836 1034 tuarum
870 969 1026 1033 virtutum
1050 989 1273 1033 commemora·

116 1075 204 1139 tione
227 1095 395 1152 revocare,
429 1097 507 1160 ques
541 1096 605 1140 non
628 1077 669 1138 ab
693 1075 800 1161 aliquo
834 1074 928 1138 huius
950 1077 1104 1156 temporis
1126 1073 1195 1137 viro
1218 1093 1273 1156 ge·

115 1184 303 1264 starumque
336 1201 441 1244 rerum
472 1181 628 1264 scriptore
650 1181 828 1264 percepisse
850 1201 901 1244 me
923 1179 1091 1262 profiteor,
1123 1177 1176 1240 sed
1199 1197 1274 1260 pro·

115 1281 195 1363 priis
226 1285 325 1349 oculis
360 1307 398 1348 ex
421 1287 591 1371 verbisque
626 1287 687 1350 mei
712 1287 868 1371 genitoris
901 1283 1081 1349 incredibili
1112 1304 1183 1348 oum
1219 1283 1273 1346 ad·

115 1387 286 1454 miratione
302 1391 480 1475 parvo'iam
497 1392 651 1475 temporis
665 1390 824 1456 curriculo
840 1388 1092 1472 contemplatum
1110 1409 1159 1450 me
1175 1387 1272 1451 fuisse

115 1492 278 1558 confirmo.
325 1491 456 1559 (lartum
481 1497 565 1560 enim
587 1502 634 1560 est
658 1495 905 1580 probabileque,
938 1501 970 1558 te
993 1514 1056 1557 uon
1079 1493 1149 1557 dico
1172 1493 1204 1556 in
1226 1497 1273 1556 te·

116 1597 228 1662 nebris
251 1597 361 1678 latere,
385 1602 495 1666 sedin
519 1602 619 1666 oculis
642 1607 839 1666 caeterorum
872 1599 1013 1664 omnium
1045 1599 1198 1662 bonorum
1222 1618 1273 1661 ce-

117 1701 290 1766 leberrima
312 1706 449 1788 quadam
474 1727 544 1771 eum
570 1705 848 1770 commendacions
877 1704 1006 1770 versari.
1053 1703 1138 1781 Quas
1161 1703 1201 1766 ob
1225 1723 1274 1766 res

113 1806 213 1870 alacri
248 1808 354 1872 animo
385 1809 444 1874 hoc
474 1831 575 1896 genus
608 1809 767 1874 scribendi
805 1809 948 1893 hancque
977 1808 1173 1892 provinciam
1196 1806 1274 1870 meis

114 1911 239 1976 viribus
261 1913 417 1997 imparem
447 1915 554 1980 subire
581 1936 644 1978 non
667 1915 839 1991 abhorrui,
869 1935 981 1978 verum
1002 1912 1116 1976 lubens
1139 1910 1215 1990 feci,
1239 1911 1272 1974 in

115 2036 177 2098 qua
197 2039 293 2082 nemo
317 2025 365 2082 est
388 2021 435 2084 ita
458 2020 586 2103 penitus
609 2025 715 2083 mutus
732 2023 828 2103 atque
844 2020 944 2084 eciam
967 2017 1099 2082 omniuo
1121 2015 1271 2100 elinguis,

115 2121 165 2184 cui
189 2142 255 2185 non
279 2123 434 2188 immensa
457 2125 612 2209 quaedam
638 2131 670 2188 et
701 2125 830 2189 infinita
858 2147 962 2189 remur
985 2123 1079 2207 copia
1099 2121 1273 2186 mirabilis·

116 2247 177 2309 qua
199 2227 235 2290 in
260 2249 456 2314 unoquoque
480 2230 609 2293 virtutis
630 2251 746 2313 genere
769 2229 838 2294 laus
861 2234 1025 2312 tamquam
1047 2227 1119 2292 fons
1143 2227 1274 2313 quidam

116 2333 152 2394 ad
175 2332 346 2396 dicendum
369 2354 431 2397 non
451 2334 615 2398 abundans
638 2335 748 2398 effluat
764 2341 861 2420 atque
877 2335 1036 2400 uberrime
1050 2355 1113 2398 non
1137 2337 1273 2398 emanet.

116 2482 251 2500 .......
269 2436 404 2516 Parnes,
435 2439 486 2503 vir
508 2440 594 2502 omni
619 2438 712 2503 laude
734 2439 932 2522 dignissime,
957 2459 1045 2503 meae
1067 2437 1273 2523 longitudini.

115 2538 255 2606 Sieiebat
288 2544 373 2607 enim
412 2545 536 2607 animus
574 2566 664 2608 meus
697 2545 876 2609 desiderans
913 2565 1159 2609 commemorare
1189 2543 1273 2607 satis

114 2646 229 2729 dignas
253 2647 360 2710 laudes
380 2652 412 2712 et
435 2649 481 2712 its
504 2647 616 2712 lubens
645 2649 856 2732 persistebam
876 2650 908 2712 iu
932 2650 1098 2714 scribendo
1125 2649 1273 2727 virtutes,

115 2753 152 2812 ut
172 2751 256 2814 mihi
282 2752 433 2831 evenerit,
464 2755 548 2837 quod
572 2754 757 2818 sicientibus
781 2753 862 2818 solet
886 2755 1085 2838 contingere:
1117 2758 1154 2818 ut
1177 2755 1273 2817 etiam

116 2856 179 2919 vini
203 2855 359 2940 amphora
381 2861 526 2922 urceolus
543 2860 674 2943 quidam
697 2882 763 2924 esse
785 2861 939 2926 videatur.
987 2858 1067 2923 Cum
1082 2859 1167 2924 enim
1186 2859 1273 2923 vira

115 2959 245 3038 virtuts,
268 2963 318 3025 vel
340 2963 443 3026 virtus
467 2985 486 3026 a
509 2965 577 3028 viro
599 2987 715 3030 nomen
738 2971 878 3031 mutasse
901 2967 941 3029 ab
965 2965 1112 3030 omnibus
1143 2964 1271 3049 praedi-

116 3071 215 3144 catur,
241 3087 302 3130 non
327 3067 418 3150 potui
437 3068 585 3152 equidem
608 3074 640 3132 tc
657 3071 690 3133 in
708 3071 852 3135 virorum
873 3075 906 3135 et
927 3071 960 3134 in
976 3071 1190 3135 virtuosorum
1213 3091 1272 3133 nu-

116 3192 204 3235 mero
231 3193 293 3235 non
317 3170 496 3237 habendum
521 3195 588 3237 esse
611 3195 745 3241 censere.
794 3175 925 3259 Suscipe
948 3198 1024 3260 ergo
1053 3198 1104 3240 me
1127 3178 1160 3238 et
1182 3174 1272 3259 geni-

116 3279 217 3339 torem
241 3276 478 3340 commendatos
502 3297 624 3361 nosque
646 3281 810 3362 perpetuis
840 3281 904 3344 tuis
926 3280 1087 3344 beneficiis
1110 3280 1273 3344 devinctos

117 3384 189 3444 tene
200 3385 234 3444 ct
246 3380 388 3445 caritatis
399 3382 534 3446 vinculis
548 3383 706 3468 alligatos.
722 3384 865 3464 Valc,vir
873 3385 1116 3463 litteratissime,
1126 3384 1272 3448 feliciter.

206 3483 380 3572 [Adressel.
435 3485 618 3552 Clarissimo
647 3511 683 3555 ae
716 3492 784 3555 viro
819 3489 993 3554 venerabili
1028 3489 1156 3553 domino
1190 3487 1272 3551 ller-

118 3611 236 3656 manno
258 3590 391 3680 Schedel
414 3615 472 3658 suo
496 3595 609 3658 maiori
633 3597 807 3679 plurimum
830 3595 1025 3660 honorando.

669 3841 727 3914 13.

123 3958 249 4034 Ulrich
279 3961 520 4034 Gossembrot
555 3986 603 4035 an
631 3962 803 4052 Johann,
833 3963 981 4037 bischof
1004 3989 1040 4037 v.
1069 3963 1271 4050 Eichstatt,

461 4084 664 4179 Augsburg
693 4087 789 4158 1458
811 4087 888 4159 mai
920 4088 953 4161 2.

311 4241 375 4297 clm.
397 4242 449 4296 504
467 4243 486 4296 f.
505 4244 565 4299 395.
587 4241 731 4297 Abschrift
752 4243 909 4297 Hartmann
929 4242 1065 4299 Schedels.

208 4336 353 4402 Bittet
377 4362 440 4404 um
470 4342 563 4405 eina
586 4339 870 4426 empfehlung
899 4364 946 4404 an
978 4339 1184 4406 Wilhelm

518 4468 597 4511 von
621 4445 882 4512 lteichenau.

206 4561 390 4630 Venerabili
419 4567 451 4631 in
476 4566 604 4632 Christo
637 4566 723 4651 patri
747 4589 783 4631 ac
806 4568 945 4648 domino,
974 4569 1103 4634 domino
1122 4565 1271 4657 Jo[anni]
