3106 5246
702 497 765 562 201

157 674 275 738 donum
298 675 330 736 in
354 693 386 738 se
410 672 610 739 considerare
633 671 748 751 velitis,
776 672 892 737 obnixe
909 693 998 760 rogo,
1021 674 1179 740 subiciens
1204 697 1263 754 me,
1286 675 1313 738 si

159 777 234 862 quid
251 778 282 842 in
306 777 375 859 ipso
399 777 556 844 incultum
575 778 728 856 minusve,
755 800 848 862 qnam
866 783 969 844 vestre
992 779 1143 866 dignitati
1166 779 1313 863 expedire

157 883 292 963 videtur,
315 884 497 948 consultum
521 885 723 968 positumque
746 884 799 962 sit,
822 885 1014 950 correccioni
1041 889 1074 949 et
1096 884 1313 950 emendacioni

159 988 273 1053 melius
289 1010 338 1054 me
361 989 581 1054 senciencium.
618 987 656 1052 In
669 987 796 1053 Christo
812 1009 963 1073 prospere
988 989 1238 1055 dominationem
1260 1011 1313 1053 re·

159 1098 259 1158 stram
283 1093 388 1159 valere
410 1095 573 1178 percupio,
597 1094 652 1178 qni
675 1093 866 1158 incolumem
889 1092 1023 1179 longeva
1045 1115 1101 1160 vos
1127 1113 1313 1159 conservare

158 1197 246 1279 velit,
270 1197 449 1266 humillime
471 1221 537 1279 oro,
558 1203 651 1284 pater
675 1203 706 1264 et
722 1203 890 1283 preceptor
906 1200 1093 1279 venerande,
1121 1221 1178 1266 nec
1193 1199 1313 1284 pigeat,

159 1326 208 1369 me
231 1305 485 1371 recommendare
508 1306 635 1372 domino
660 1327 728 1370 meo
748 1306 991 1390 generosissimo
1007 1306 1027 1386 ¹,
1056 1305 1108 1371 oui
1123 1327 1198 1372 cum
1220 1305 1314 1390 plura

158 1409 298 1490 debeam,
321 1410 461 1496 graciam
486 1433 575 1476 suam
599 1412 719 1480 salvam
748 1412 927 1496 perlonga
952 1417 1132 1496 temporum
1155 1410 1315 1477 curricula

157 1514 243 1578 omni
266 1513 431 1580 effectione
453 1515 520 1580 fore
543 1515 668 1582 affecto.
721 1514 819 1582 Venit
834 1518 876 1582 ad
891 1538 948 1582 nos
972 1519 999 1582 d.
1017 1519 1128 1582 doctor
1141 1513 1312 1604 Jo[annes]

158 1618 195 1683 de
211 1617 351 1697 Paireut,
376 1620 441 1704 qui,
470 1625 507 1686 ut
522 1621 626 1700 audio,
650 1621 820 1704 peregrina
836 1626 868 1685 et
890 1619 1004 1701 aliena,
1025 1643 1088 1687 non
1113 1622 1182 1686 dieo
1205 1641 1313 1685 avero

158 1727 206 1787 set
222 1745 241 1787 a
256 1724 455 1805 credulitate,
483 1729 562 1809 aput
577 1727 685 1808 plures
703 1725 856 1790 ventilare
872 1747 935 1790 non
951 1731 1080 1791 veretur
1093 1724 1116 1792 ⁸.
1162 1723 1314 1790 Nondum

157 1823 262 1912 ipsum
284 1829 441 1895 allocutus
474 1852 554 1896 sum.
601 1829 638 1894 ln
663 1831 729 1894 dies
752 1830 928 1895 multarum
951 1853 1057 1896 rerum
1081 1830 1236 1896 audiendo
1259 1851 1313 1894 ex·

159 1934 276 2018 perior,
300 1936 348 1999 ius
372 1941 428 2016 est,
452 1935 490 1999 ad
525 1939 651 2019 tempus
681 1936 714 1998 in
738 1934 850 2000 multis
885 1937 1080 2019 pertransire
1101 1936 1161 2000 snb
1183 1934 1313 2000 silentio

159 2059 194 2102 ao
217 2038 311 2121 plura
333 2061 414 2124 equo
437 2038 520 2104 ferre
543 2040 658 2117 animo,
695 2062 790 2124 quam
813 2041 994 2106 temeritate
1019 2042 1128 2126 aliqua
1151 2041 1185 2104 in
1210 2041 1314 2124 ipsum

162 2143 266 2208 verbis
290 2143 476 2227 irrumpere.
529 2143 597 2210 Hoc
620 2150 785 2230 tamquam
816 2145 879 2210 fido
902 2146 1037 2211 etmihi
1060 2146 1182 2211 sincero
1205 2144 1314 2229 paucis

160 2248 376 2334 perstringere
398 2249 457 2313 sub
480 2248 583 2314 forma
606 2251 730 2335 consilij
754 2250 852 2316 volui.

249 2351 326 2418 Rev.
353 2354 454 2438 patri,
485 2354 565 2419 iuris
588 2355 746 2439 pontificij
779 2356 957 2436 licenciato,
983 2357 1110 2421 domino
1138 2355 1315 2438 Gnmperto

165 2455 271 2537 Fabri,
294 2459 327 2522 in
350 2458 572 2543 spiritualibus
596 2461 712 2526 vicario
743 2467 776 2526 et
796 2461 960 2546 preposito
983 2461 1016 2525 in
1042 2459 1220 2526 Teweretat
1243 2464 1314 2539 etc,

163 2562 291 2628 domino
313 2569 346 2629 et
367 2567 548 2649 preceptori
572 2587 628 2631 suo
652 2566 873 2632 colendissimo
885 2566 909 2631 ⁸.

728 2690 747 2726 a

231 2753 244 2806 1
265 2752 334 2808 Dem
354 2754 463 2811 bischof
479 2774 533 2813 von
553 2757 707 2826 Bamberg,
732 2757 824 2826 Georg
843 2774 897 2813 von
926 2755 1127 2825 Schaumburg.
1233 2755 1315 2812 210·

159 2839 266 2896 baanes
296 2841 331 2895 de
354 2841 470 2898 Bairent
496 2844 549 2899 seit
575 2845 642 2899 1474
670 2862 706 2899 au
734 2844 784 2900 der
809 2844 976 2900 universittt
1003 2842 1176 2914 Ingotetadt,
1209 2841 1315 2895 verfae·

162 2944 205 2982 ser
231 2926 307 2982 einer
327 2929 595 2985 bemerkenswerten
612 2930 756 3000 logischen
779 2930 880 2985 schrift
900 2931 1019 2986 ›Textus
1043 2929 1145 2984 veteris
1164 2929 1249 2984 artis«
1267 2945 1315 2997 ge-

160 3014 262 3069 druckt
284 3015 443 3085 lngolstadt
473 3019 539 3073 1492
570 3019 625 3073 und
654 3019 734 3075 diter.
771 3019 835 3088 vgr.
865 3017 985 3084 Prantl,
1015 3017 1112 3074 Gescb.
1138 3017 1165 3074 d.
1184 3016 1314 3086 Lndwig·

159 3101 233 3158 Max.
249 3102 421 3159 Universitttt
434 3105 453 3170 1,
464 3107 506 3160 76.
543 3105 680 3172 Derselbe,
700 3106 796 3162 Gescb.
817 3106 865 3160 der
878 3104 968 3175 Logik
994 3105 1114 3171 1V‚239.
1151 3103 1244 3158 Dutch
1264 3103 1314 3157 das

158 3190 222 3245 dort
240 3190 309 3246 fiber
327 3189 373 3245 die
390 3191 541 3248 besondere
558 3194 681 3263 etetlung
699 3193 825 3249 Jobanna
845 3195 963 3264 gesagte
992 3192 1061 3246 wird
1077 3191 1205 3247 Schedols
1224 3195 1315 3245 tusse-

161 3295 236 3348 rung
254 3278 318 3332 sehr
335 3278 513 3335 interessent.
550 3281 601 3334 Ein
615 3284 763 3352 computus
782 3299 835 3336 von
855 3281 914 3335 ibm
939 3298 993 3337 von
1010 3280 1077 3336 1439
1086 3280 1115 3334 in
1135 3278 1193 3334 cod.
1205 3279 1314 3347 erlang.

160 3365 210 3420 951
230 3383 250 3419 s.
272 3365 427 3433 Irmischer,
446 3367 576 3436 catalog.
611 3367 679 3422 Eine
698 3368 860 3438 Disputatio
878 3386 928 3437 pro
950 3367 1121 3436 magistratu
1138 3367 1169 3420 in
1187 3365 1280 3435 logica
1298 3383 1316 3420 a

160 3453 222 3509 Jon.
242 3454 363 3510 Pairreit
381 3471 463 3526 super
482 3456 566 3512 libros
584 3455 660 3511 Petri
674 3455 802 3526 Hispani,
824 3455 980 3523 Porphyrii,
1002 3453 1162 3510 Aristotelis
1185 3453 1259 3508 steht
1285 3453 1315 3506 in

162 3541 225 3596 clrn.
249 3541 332 3597 19845
353 3543 414 3614 [aus
433 3543 607 3613 Tegeruseet.
695 3544 711 3599 3
731 3543 756 3598 S.
776 3543 844 3596 iiber
863 3541 946 3596 Fabri
964 3541 1041 3603 Jsclr
1063 3539 1270 3607 Bescbreibung
1288 3539 1315 3594 d.

161 3628 321 3685 Bibliotbek
339 3649 362 3686 a.
382 3631 522 3702 Bamberg
548 3634 569 3688 t.
589 3631 614 3684 11
642 3649 669 3701 p.
690 3629 812 3685 XXXIX.
858 3630 926 3684 Eine
946 3628 1073 3683 urkunde
1099 3644 1153 3683 von
1171 3626 1230 3680 ihm
1249 3626 1314 3681 clm.

161 3715 247 3772 24004
272 3716 291 3770 f.
319 3718 377 3772 262.
424 3718 474 3773 Ais
501 3717 661 3788 geistlicher
689 3718 793 3772 richter
821 3717 950 3772 eruthnt
974 3716 1004 3770 in
1029 3715 1164 3769 Albrecht
1193 3731 1219 3767 v.
1239 3714 1314 3784 Eybs

159 3803 481 3873 rechtsgutachteubuch
499 3805 557 3860 cod.
577 3804 731 3861 eistettens.
751 3806 803 3861 223
822 3806 840 3858 f.
872 3806 932 3860 171.
969 3804 1020 3859 Eia
1041 3804 1136 3873 recept
1155 3801 1314 3856 Hartmann

162 3889 292 3945 Schedels
311 3892 357 3945 fur
374 3892 424 3946 ibn
442 3893 471 3946 in
490 3911 602 3948 unserm
621 3893 706 3949 codex
724 3893 743 3946 f.
762 3895 822 3948 227.
